@string{AM="Acta Materialia"}
@string{AMiner="American Mineralogist"}
@string{AngC="Angewandte Chemie-International Edition"}
@string{APLM="APL Materials"}
@string{ACBE="Applied Catalysis B: Environmental"}
@string{APL="Applied Physics Letters"}
@string{ASS="Applied Surface Science"}
@string{CL="Catalysis Letters"}
@string{CT="Catalysis Today"}
@string{CR="Chemical Reviews"}
@string{CSR="Chemical Society Reviews"}
@string{CSR="Chemical Society Reviews"}
@string{CM="Chemistry of Materials"}
@string{CPMS="Computational Materials Science"}
@string{CPC="Computer Physics Communications"}
@string{CGD="Crystal Growth \& Design"}
@string{CEC="CrystEngComm"}
@string{ECST="ECS Transactions"}
@string{HPR="High Pressure Research"}
@string{IC="Inorganic Chemistry"}
@string{JJAP="Japanese Journal of Applied Physics"}
@string{JMatR="Journal of  Materials Research"}
@string{JALC="Journal of Alloys and Compounds"}
@string{JAC="Journal of Applied Crystallography"}
@string{JAP="Journal of Applied Physics"}
@string{JC="Journal of Catalysis"}
@string{JCP="Journal of Chemical Physics"}
@string{JCG="Journal of Crystal Growth"}
@string{JMC="Journal of Materials Chemistry"}
@string{JMC="Journal of Materials Chemistry"}
@string{JMSL="Journal of Materials Science Letters"}
@string{JPCS="Journal of Physics and Chemistry of Solids"}
@string{JPCM="Journal of Physics: Condensed Matter"}
@string{JSSC="Journal of Solid State Chemistry"}
@string{JACerS="Journal of the American Ceramic Society"}
@string{JACS="Journal of the American Chemical Society"}
@string{JES="Journal of The Electrochemical Society"}
@string{JES="Journal of The Electrochemical Society"}
@string{JVST="Journal of Vacuum Science \& Technology A"}
@string{ML="Materials Letters"}
@string{MSE-BS="Materials Science and Engineering B"}
@string{MOLSIM="Molecular Simulation"}
@string{Nature="Nature"}
@string{NM="Nature Materials"}
@string{PML="Philosophical Magazine Letters"}
@string{PB="Physica B-Condensed Matter"}
@string{PSSB="physica status solidi (b)"}
@string{PRB="Physical Review B"}
@string{PRL="Physical Review Letters"}
@string{PCM="Physics and Chemistry of Minerals"}
@string{PSurfSci="Progress in Surface Science"}
@string{Science="Science"}
@string{SABC="Sensors and Actuators B: Chemical"}
@string{SS="Surface Science"}
@string{EPJB="The European Physical Journal B"}
@string{JPC="The Journal of Physical Chemistry"}
@string{JPCB="The Journal of Physical Chemistry  B"}
@string{JPCC="The Journal of Physical Chemistry C"}
@string{TSF="Thin Solid Films"}
@string{TC="Topics in Catalysis"}
@string{WR="Water Research"}
