@string{AM="Acta Mater."}
@string{AMiner="Am. Mineral."}
@string{AngC="Angew. Chem. Int. Edit."}
@string{APLM="APL Mat."}
@string{ACBE="Appl. Catal. B-Environ."}
@string{APL="Appl. Phys. Lett."}
@string{ASS="Appl. Surf. Sci."}
@string{CL="Catal. Lett."}
@string{CT="Catal. Today"}
@string{CR="Chem. Rev."}
@string{CSR="Chem. Soc. Rev."}
@string{CSR="Chem. Soc. Rev."}
@string{CM="Chem. Mater."}
@string{CPMS="Comp. Mater. Sci."}
@string{CPC="Comput. Phys. Commun."}
@string{CGD="Cryst. Growth Des."}
@string{CEC="CrystEngComm"}
@string{ECST="ECS Trans."}
@string{HPR="High Pressure Res."}
@string{IC="Inorg. Chem."}
@string{JJAP="Jpn. J. Appl. Phys."}
@string{JMatR="J. Mater. Res."}
@string{JALC="J. Alloy Compd."}
@string{JAC="J. Appl. Crystallogr."}
@string{JAP="J. Appl. Phys."}
@string{JC="J. Catal."}
@string{JCP="J. Chem. Phys."}
@string{JCG="J. Crys. Growth"}
@string{JMC="J. Mater. Chem."}
@string{JMC="J. Mater. Chem."}
@string{JMSL="J. Mater. Sci. Lett."}
@string{JPCS="J. Phys. Chem. Solids"}
@string{JPCM="J. Phys.: Condens. Matter"}
@string{JSSC="J. Solid State Chem."}
@string{JACerS="J. Am. Ceram. Soc."}
@string{JACS="J. Am. Chem. Soc."}
@string{JES="J. Electrochem. Soc."}
@string{JES="J. Electrochem. Soc."}
@string{JVST="J. Vac. Sci. Technol. A"}
@string{ML="Mater. Lett."}
@string{MSE-BS="Mat. Sci. Eng. B-Solid"}
@string{MOLSIM="Mol. Sim."}
@string{Nature="Nature"}
@string{NM="Nat. Mater."}
@string{PML="Phil. Mag. Lett."}
@string{PB="Physica B"}
@string{PSSB="Phys. Status Solidi B"}
@string{PRB="Phys. Rev. B"}
@string{PRL="Phys. Rev. Lett."}
@string{PCM="Phys. Chem. Miner."}
@string{PSurfSci="Prog. Surf. Sci."}
@string{Science="Science"}
@string{SABC="Sensor. Actuat. B-Chem."}
@string{SS="Surf. Sci."}
@string{EPJB="Eur. Phys. J. B"}
@string{JPC="J. Phys. Chem."}
@string{JPCB="J. Phys. Chem. B"}
@string{JPCC="J. Phys. Chem. C"}
@string{TSF="Thin Solid Films"}
@string{TC="Top. Catal."}
@string{WR="Water Res."}
