This is an auxiliary file used by the `achemso' bundle.
This file may safely be deleted. It will be recreated as required.

@Control{achemso-control,
  ctrl-article-title  = "no",
  ctrl-chapter-title  = "no",
  ctrl-etal-number    = "15",
  ctrl-etal-firstonly = "yes",
}

@Misc{Note-1,
  note = {Ref.~\citenum {[}, See page 20},
}



@article{ritschel-2012-state-art,
  author =	 {Tobias Ritschel and Carsten Dachsbacher and Thorsten Grosch
                  and Jan Kautz},
  title =	 {The State of the Art in Interactive Global Illumination},
  journal =	 {Computer Graphics Forum},
  volume =	 31,
  number =	 1,
  pages =	 {160-188},
  year =	 2012,
  doi =		 {10.1111/j.1467-8659.2012.02093.x},
  url =		 {https://doi.org/10.1111/j.1467-8659.2012.02093.x},
  DATE_ADDED =	 {Fri Apr 29 11:32:35 2016},
}
