@article{kitchingroup-57,
  author =	 {Kitchin, John R.},
  title =	 {Examples of Effective Data Sharing in Scientific
  Publishing},
  journal =	 {ACS Catalysis},
  volume =	 5,
  number =	 6,
  pages =	 {3894-3899},
  year =	 2015,
  doi =		 {10.1021/acscatal.5b00538},
  url =		 { https://doi.org/10.1021/acscatal.5b00538 },
  eprint =	 { https://doi.org/10.1021/acscatal.5b00538 },
  fetcher = {github},
  repo = {KitchinHUB/kitchingroup-57},
  files = {README.org, manuscript.org, manuscript.pdf, supporting-information.org}
  }
