@article{xu-2014-probin-cover,
  author =	 {Zhongnan Xu and John R. Kitchin},
  title =	 {Probing the Coverage Dependence of Site and Adsorbate
                  Configurational Correlations on (111) Surfaces of Late
                  Transition Metals},
  journal =	 {J. Phys. Chem. C},
  volume =	 118,
  number =	 44,
  pages =	 {25597-25602},
  year =	 2014,
  doi =		 {10.1021/jp508805h},
  url =		 {https://doi.org/10.1021/jp508805h},
  keywords =	 {DESC0004031, early-career, orgmode, },
}
@article{xu-2015-accur-u,
  author =	 "Xu, Zhongnan and Joshi, Yogesh V. and Raman, Sumathy and
                  Kitchin, John R.",
  title =	 {Accurate Electronic and Chemical Properties of 3d Transition
                  Metal Oxides Using a Calculated Linear Response {U} and a {DFT
                  + U(V)} Method},
  journal =	 "The Journal of Chemical Physics",
  volume =	 142,
  number =	 14,
  pages =	 144701,
  year =	 2015,
  doi =		 {10.1063/1.4916823},
  url =
                  "http://scitation.aip.org/content/aip/journal/jcp/142/14/10.1063/1.4916823",
  keywords =	 {DESC0004031, c orgmode},
  eid =		 144701,
}
