

@article{kitchin-2015-examp-effec,
  author =	 {John R. Kitchin},
  title =	 {Examples of Effective Data Sharing in Scientific
                  Publishing},
  journal =	 {ACS Catal.},
  volume =	 5,
  number =	 6,
  pages =	 {3894-3899},
  year =	 2015,
  doi =		 {10.1021/acscatal.5b00538},
  url =		 {https://doi.org/10.1021/acscatal.5b00538},
  date_added =	 {Tue Dec 22 10:10:29 2015},
}



@article{mehta-2014-ident-poten,
  author =	 {Prateek Mehta and Paul A. Salvador and John
                  R. Kitchin},
  title =	 {Identifying Potential \ce{BO2} Oxide Polymorphs for
                  Epitaxial Growth Candidates},
  journal =	 {ACS Appl. Mater. Interfaces},
  volume =	 6,
  number =	 5,
  pages =	 {3630-3639},
  year =	 2014,
  doi =		 {10.1021/am4059149},
  url =		 {https://doi.org/10.1021/am4059149},
  date_added =	 {Tue Dec 22 10:11:04 2015},
}



@article{xu-2014-relat,
  author =	 {Zhongnan Xu and John R. Kitchin},
  title =	 {Relating the Electronic Structure and Reactivity of
                  the 3d Transition Metal Monoxide Surfaces},
  journal =	 {Catalysis Communications},
  volume =	 52,
  pages =	 {60-64},
  year =	 2014,
  doi =		 {10.1016/j.catcom.2013.10.028},
  url =		 {https://doi.org/10.1016/j.catcom.2013.10.028},
  date_added =	 {Tue Dec 22 10:11:40 2015},
}
