@ARTICLE{aarik-1997-effec-tio2,
  AUTHOR =       {Aarik, J. and Aidla, A. and Sammelselg, V. and
                  Uustare, T.},
  TITLE =        {Effect of growth conditions on formation of
                  \ce{TiO_2}-{II} thin films in atomic layer
                  deposition process},
  JOURNAL =      "Journal of Crystal Growth",
  VOLUME =       {181},
  NUMBER =       {3},
  PAGES =        {259-264},
  YEAR =         1997,
}

@ARTICLE{adams-1993-orien-imagin,
  AUTHOR =       {Adams, B. L. and Wright, S. I. and Kunze, K.},
  TITLE =        {ORIENTATION IMAGING - THE EMERGENCE OF A NEW
                  MICROSCOPY},
  JOURNAL =      "Metallurgical Transactions a-Physical Metallurgy and
                  Materials Science",
  VOLUME =       {24},
  NUMBER =       {4},
  PAGES =        {819-831},
  YEAR =         1993,
}

@ARTICLE{ahuja-2001-high-ruo2,
  AUTHOR =       {Ahuja, R and Rekhi, S and Saxena, SK and Johansson,
                  B},
  TITLE =        {High-pressure structural phase transitions in
                  \ce{RuO_2} and its geophysical implications},
  JOURNAL =      "Journal Of Physics And Chemistry Of Solids",
  VOLUME =       {62},
  NUMBER =       {11},
  PAGES =        {2035-2037},
  YEAR =         2001,
  LINK =         {\url{http://gateway.webofknowledge.com/gateway/Gateway.cgi?GWVersion=2&amp;SrcAuth=mekentosj&amp;SrcApp=Papers&amp;DestLinkType=FullRecord&amp;DestApp=WOS&amp;KeyUT=000171262500017}},
}

@ARTICLE{aruga-1985-struc-iron,
  AUTHOR =       {Aruga, A. and Tokizaki, E. and Nakai, I. and
                  Sugitani, Y.},
  TITLE =        {Structure of Iron Diniobium Hexaoxide,
                  \ce{FeNb_2O_6} - an Example of Metal-Disordered
                  Trirutile Structure},
  JOURNAL =      "Acta Crystallographica Section C-Crystal Structure
                  Communications",
  VOLUME =       {41},
  NUMBER =       {May},
  PAGES =        {663-665},
  YEAR =         1985,
}

@ARTICLE{asthagiri-2003-thin-pt,
  AUTHOR =       {Asthagiri, A. and Niederberger, C. and Francis, A.
                  J. and Porter, L. M. and Salvador, P. A. and Sholl,
                  D. S.},
  TITLE =        {Thin {Pt} films on the polar \ce{SrTiO_3}(111)
                  surface: an experimental and theoretical study},
  JOURNAL =      "Surface Science",
  VOLUME =       {537},
  NUMBER =       {1-3},
  PAGES =        {134-152},
  YEAR =         2003,
  DOI =          {10.1016/S0039-6028(03)00609-5},
  KEYWORD =      {titanium alkaline earth metals platinum epitaxy
                  density functional calculations metallic films x-ray
                  scattering, diffraction, and reflection abinitio
                  molecular-dynamics total-energy calculations wave
                  basis-set ab-initio homoepitaxial growth oxide
                  surfaces ultrasoft pseudopotentials crystal-surfaces
                  electron systems platinum films}
}

@ARTICLE{balasubramaniam-2006-thin-film,
  AUTHOR =       {Balasubramaniam, K R},
  TITLE =        {Thin Film Growth and Phase Competition of Layered
                  Ferroelectrics and Related Perovskite Phases},
  JOURNAL =      "PhD Thesis, Carnegie Mellon University",
  PAGES =        {254},
  YEAR =         2006,
}

@ARTICLE{balasubramaniam-2007-epitax-remno3,
  AUTHOR =       {Balasubramaniam, K. R. and Havelia, S. and Salvador,
                  P. A. and Zheng, H. and Mitchell, J. F.},
  TITLE =        {Epitaxial stabilization and structural properties of
                  \ce{REMnO_3} ({RE} = {Dy}, {Gd}, {Sm}) compounds in
                  a layered, hexagonal \ce{ABO_3} structure},
  JOURNAL =      "Applied Physics Letters",
  VOLUME =       {91},
  NUMBER =       {23},
  PAGES =        {232901-3},
  YEAR =         2007,
  KEYWORD =      {dysprosium compounds epitaxial layers gadolinium
                  compounds lattice constants multiferroics samarium
                  compounds}
}

@ARTICLE{balasubramanian-2005-epitax-phase,
  AUTHOR =       {Balasubramanian, K. R. and Bagal, A. A. and
                  Castillo, O. and Francis, A. J. and Salvador, P.
                  A.},
  TITLE =        {Epitaxial Phase Selection in the Rare Earth
                  Manganite System},
  JOURNAL =      "Ceramic Transactions",
  VOLUME =       {162},
  PAGES =        {59-67},
  YEAR =         2005,
}

@ARTICLE{burbure-2010-orien-phase,
  AUTHOR =       {Burbure, Nina V. and Salvador, Paul A. and Rohrer,
                  Gregory S.},
  TITLE =        {Orientation and Phase Relationships between Titania
                  Films and Polycrystalline \ce{BaTiO_3} Substrates as
                  Determined by Electron Backscatter Diffraction
                  Mapping},
  JOURNAL =      "Journal of the American Ceramic Society",
  VOLUME =       {93},
  NUMBER =       {9},
  PAGES =        {2530-2533},
  YEAR =         2010,
  DOI =          {10.1111/j.1551-2916.2010.03878.x},
}

@ARTICLE{calle-vallejo-2010-trend-stabil,
  AUTHOR =       {Calle-Vallejo, F. and Martinez, J. I. and Garcia-
                  Lastra, J. M. and Mogensen, M. and Rossmeisl, J.},
  TITLE =        {Trends in Stability of Perovskite Oxides},
  JOURNAL =      "Angewandte Chemie-International Edition",
  VOLUME =       {49},
  NUMBER =       {42},
  PAGES =        {7699-7701},
  YEAR =         2010,
  DOI =          {10.1002/anie.201002301},
  KEYWORD =      {density functional calculations heats of formation
                  perovskites thermochemistry transition-metals
                  catalysts ferroelectricity}
}

@MISC{camd-atomic-simul-envir,
  AUTHOR =       {CAMd},
  TITLE =        {Atomic Simulation Environment},
}

@ARTICLE{catalan-2000-trans-ndnio3,
  AUTHOR =       {Catalan, G. and Bowman, R. M. and Gregg, J. M.},
  TITLE =        {Transport properties of \ce{NdNiO_3} thin films made
                  by pulsed-laser deposition},
  JOURNAL =      "Journal of Applied Physics",
  VOLUME =       {87},
  NUMBER =       {1},
  PAGES =        {606-608},
  YEAR =         2000,
  KEYWORD =      {metal-insulator-transition pressure-dependence
                  prnio3}
}

@ARTICLE{chambers-2010-epitax-growt,
  AUTHOR =       {Chambers, S. A.},
  TITLE =        {Epitaxial Growth and Properties of Doped Transition
                  Metal and Complex Oxide Films},
  JOURNAL =      "Advanced Materials",
  VOLUME =       {22},
  NUMBER =       {2},
  PAGES =        {219-248},
  YEAR =         2010,
  DOI =          {10.1002/adma.200901867},
  KEYWORD =      {chemical-vapor-deposition molecular-beam epitaxy
                  rutile thin-films diluted magnetic semiconductors
                  visible-light photocatalysis atmospheric-pressure
                  mocvd electric-field control low-temperature growth
                  dioxide cro2 films quality zno films}
}

@ARTICLE{chen-2008-pulsed-laser,
  AUTHOR =       {Chen, Z. W. and Wu, C. M. L. and Shek, C. H. and
                  Lai, J. K. L. and Jiao, Z. and Wu, M. H.},
  TITLE =        {Pulsed Laser Ablation for Tin Dioxide: Nucleation,
                  Growth, and Microstructures},
  JOURNAL =      "Critical Reviews in Solid State and Materials
                  Sciences",
  VOLUME =       {33},
  NUMBER =       {3-4},
  PAGES =        {197-209},
  YEAR =         2008,
  DOI =          {10.1080/10408430802415006},
  KEYWORD =      {sno2 thin films nanocrystals pulsed-laser deposition
                  nucleation growth microstructure \ce{SnO_2} thin-
                  films sol-gel route quantum-dot high-pressure oxide-
                  films induced crystallization semiconducting oxides
                  electrical-properties gas sensitivity surface-area}
}

@ARTICLE{choi-2007-comput-study,
  AUTHOR =       {Choi, YongMan and Lin, M. C. and Liu, Meilin},
  TITLE =        {Computational Study on the Catalytic Mechanism of
                  Oxygen Reduction on \ce{La_{0.5}Sr_{0.5}MnO_3} in
                  Solid Oxide Fuel Cells},
  JOURNAL =      "Angewandte Chemie International Edition",
  VOLUME =       {46},
  NUMBER =       {38},
  PAGES =        {7214-7219},
  YEAR =         2007,
  DOI =          {10.1002/anie.200700411},
  LINK =         {\url{https://doi.org/10.1002/anie.200700411}},
}

@BOOK{chrisey-1994-pulsed-laser,
  AUTHOR =       {Chrisey, D. B. and Hubler, G. K.},
  TITLE =        {Pulsed Laser Deposition of Thin Films},
  YEAR =         1994,
  PUBLISHER =    {Wiley}
}

@ARTICLE{chretien-2006-densit-funct,
  AUTHOR =       {Chr\'{e}tien, Steeve and Metiu, Horia},
  TITLE =        {Density Functional Study of the {CO} Oxidation on a
                  Doped Rutile \ce{TiO_2}(110): Effect of Ionic {Au}
                  in Catalysis},
  JOURNAL =      "Catalysis Letters",
  VOLUME =       {107},
  NUMBER =       {3},
  PAGES =        {143-147},
  YEAR =         2006,
  DOI =          {10.1021/ja053695i},
  LINK =         {\url{https://doi.org/10.1007/s10562-005-0014-6}},
}

@ARTICLE{conchon-2007-epitax-smnio3,
  AUTHOR =       {Conchon, F. and Boulle, A. and Girardot, C. and
                  Pignard, S. and Guinebretiere, R. and Dooryhee, E.
                  and Hodeau, J. L. and Weiss, F. and Kreisel, J. and
                  Berar, J. F.},
  TITLE =        {Epitaxial stabilization of \ce{SmNiO_3} films on
                  (001) \ce{SrTiO_3} substrates},
  JOURNAL =      "Journal of Physics D-Applied Physics",
  VOLUME =       {40},
  NUMBER =       {16},
  PAGES =        {4872-4876},
  YEAR =         2007,
  DOI =          {10.1088/0022-3727/40/16/017},
  KEYWORD =      {metal-insulator-transition x-ray-diffraction thin-
                  films perovskite strain relaxation profiles}
}

@ARTICLE{conesa-2010-relev-disper,
  AUTHOR =       {Conesa, Jose\'{e} C.},
  TITLE =        {The Relevance of Dispersion Interactions for the
                  Stability of Oxide Phases},
  JOURNAL =      "The Journal of Physical Chemistry C",
  VOLUME =       {114},
  NUMBER =       {51},
  PAGES =        {22718-22726},
  YEAR =         2010,
  DOI =          {10.1021/jp109105g},
  LINK =         {\url{https://doi.org/10.1021/jp109105g}},
}

@INBOOK{corbett-1987-solid-state-chemis,
  AUTHOR =       {Corbett, J. D.},
  TITLE =        {Solid State Chemistry: Techniques},
  PAGES =        {1-38},
  YEAR =         1987,
  CHAPTER =      {Synthesis of Solid-State Materials}
  PUBLISHER =    {Clarendon Press}
  EDITOR =       {Cheetham, A. K. and Day, P.}
}

@ARTICLE{curiotto-2011-orien,
  AUTHOR =       {Curiotto, S. and Chien, H. and Meltzman, H. and
                  Wynblatt, P. and Rohrer, G. S. and Kaplan, W. D. and
                  Chatain, D.},
  TITLE =        {Orientation relationships of copper crystals on
                  c-plane sapphire},
  JOURNAL =      "Acta Materialia",
  VOLUME =       {59},
  NUMBER =       {13},
  PAGES =        {5320-5331},
  YEAR =         2011,
  DOI =          {10.1016/j.actamat.2011.05.008},
}

@ARTICLE{de-2007-charac,
  AUTHOR =       {De Keyser, K. and Detavernier, C. and Van
                  Meirhaeghe, R. L.},
  TITLE =        {Characterization of the texture of silicide films
                  using electron backscattered diffraction},
  JOURNAL =      "Applied Physics Letters",
  VOLUME =       {90},
  NUMBER =       {12},
  YEAR =         2007,
  DOI =          {10.1063/1.2716362},
}

@ARTICLE{dillon-2011-orien-distr,
  AUTHOR =       {Dillon, S. J. and Helmick, L. and Miller, H. M. and
                  Wilson, L. and Gemman, R. and Petrova, R. V. and
                  Barmak, K. and Rohrer, G. S. and Salvador, P. A.},
  TITLE =        {The Orientation Distributions of Lines, Surfaces,
                  and Interfaces around Three-Phase Boundaries in
                  Solid Oxide Fuel Cell Cathodes},
  JOURNAL =      "Journal of the American Ceramic Society",
  VOLUME =       {94},
  NUMBER =       {11},
  PAGES =        {4045-4051},
  YEAR =         2011,
  DOI =          {10.1111/j.1551-2916.2011.04673.x},
  KEYWORD =      {wc-co composites sofc cathodes 3-dimensional
                  reconstruction grain-boundaries (la,sr)mno3
                  electrodes microstructure polarization performance
                  anode ebsd}
}

@ARTICLE{disalvo-1990-solid-state,
  AUTHOR =       {Disalvo, F. J.},
  TITLE =        {Solid-State Chemistry - a Rediscovered Chemical
                  Frontier},
  JOURNAL =      "Science",
  VOLUME =       {247},
  NUMBER =       {4943},
  PAGES =        {649-655},
  YEAR =         1990,
}

@ARTICLE{dompablo-2010-first-princ,
  AUTHOR =       {de Dompablo, M. E. A. Y. and Lee, Y. L. and Morgan,
                  D.},
  TITLE =        {First Principles Investigation of Oxygen Vacancies
                  in Columbite \ce{MNb_2O_6} ({M} = {Mn}, {Fe}, {Co},
                  {Ni}, {Cu})},
  JOURNAL =      "Chemistry of Materials",
  VOLUME =       {22},
  NUMBER =       {3},
  PAGES =        {906-913},
  YEAR =         2010,
  DOI =          {10.1021/Cm901723j},
  KEYWORD =      {augmented-wave method electrical-properties powder
                  diffraction single-crystals x-ray oxide
                  mnnb2o6-delta refinement state metal}
}

@ARTICLE{drew-1995-synth-struc,
  AUTHOR =       {Drew, M. G. B. and Hobson, R. J. and Padayatchy, V.
                  T.},
  TITLE =        {Synthesis, Structure and Magnetic-Properties of
                  Monoclinic \ce{CuNb_2O_6} and the Electronic-Spectra
                  of Both Polymorphs of \ce{CuNb_2O_6}},
  JOURNAL =      "Journal of Materials Chemistry",
  VOLUME =       {5},
  NUMBER =       {11},
  PAGES =        {1779-1783},
  YEAR =         1995,
  KEYWORD =      {crystal-structure x-ray}
}

@ARTICLE{dubrovinskaia-2001-exper-theor,
  AUTHOR =       {Dubrovinskaia, Natalia and Dubrovinsky, Leonid and
                  Ahuja, Rajeev and Prokopenko, Vitaly and Dmitriev, V
                  and Weber, H P and Osorio-Guillen, J and Johansson,
                  B\"{o}rje},
  TITLE =        {Experimental and Theoretical Identification of a New
                  High-Pressure \ce{TiO_2} Polymorph},
  JOURNAL =      "Physical Review Letters",
  VOLUME =       {87},
  NUMBER =       {27},
  PAGES =        {275501},
  YEAR =         2001,
  DOI =          {10.1103/PhysRevLett.87.275501},
  LINK =         {\url{http://link.aps.org/doi/10.1103/PhysRevLett.87.275501}},
}

@ARTICLE{evarestov-2005-compar-lcao,
  AUTHOR =       {Evarestov, R. A. and Kotomin, E. A. and Mastrikov,
                  Yu A. and Gryaznov, D. and Heifets, E. and Maier,
                  J.},
  TITLE =        {Comparative density-functional {LCAO} and plane-wave
                  calculations of \ce{LaMnO_3} surfaces},
  JOURNAL =      "Physical Review B",
  VOLUME =       {72},
  NUMBER =       {21},
  PAGES =        {214411},
  YEAR =         2005,
  DOI =          {10.1103/PhysRevB.72.214411},
  LINK =         {\url{http://link.aps.org/doi/10.1103/PhysRevB.72.214411}},
}

@ARTICLE{fan-2003-phase,
  AUTHOR =       {Fan, H. Y. and Reid, S. A.},
  TITLE =        {Phase transformations in pulsed laser deposited
                  nanocrystalline tin oxide thin films},
  JOURNAL =      "Chemistry of Materials",
  VOLUME =       {15},
  NUMBER =       {2},
  PAGES =        {564-567},
  YEAR =         2003,
  DOI =          {10.1021/Cm0208509},
  KEYWORD =      {x-ray-diffraction thermal-expansion sno2 ablation
                  evaporation dependence oxidation sapphire thickness
                  sensors}
}

@ARTICLE{francis-2000-thin-film,
  AUTHOR =       {Francis, A. J. and Bagal, A. and Salvador, P. A.},
  TITLE =        {Thin Film Synthesis of Metastable Perovskites:
                  \ce{YMnO_3}},
  JOURNAL =      "Ceramic Transactions",
  VOLUME =       {135},
  PAGES =        {565-575},
  YEAR =         2000,
}

@ARTICLE{gao-2004-growt,
  AUTHOR =       {Gao, W. and Wang, C. M. and Wang, H Q and Henrich, V
                  E and Altman, E. I.},
  TITLE =        {Growth and surface structure of vanadium oxide on
                  anatase (001)},
  JOURNAL =      "Surface Science",
  VOLUME =       {559},
  NUMBER =       {2-3},
  PAGES =        {201-213},
  YEAR =         2004,
  DOI =          {10.1016/j.susc.2004.04.028},
  LINK =         {\url{http://linkinghub.elsevier.com/retrieve/pii/S0039602804004327}},
}

@ARTICLE{giocondi-2001-spatial,
  AUTHOR =       {Giocondi, J. L. and Rohrer, G. S.},
  TITLE =        {Spatially selective photochemical reduction of
                  silver on the surface of ferroelectric barium
                  titanate},
  JOURNAL =      "Chemistry of Materials",
  VOLUME =       {13},
  NUMBER =       {2},
  PAGES =        {241-242},
  YEAR =         2001,
}

@ARTICLE{giocondi-2001-spatial-batio3,
  AUTHOR =       {Giocondi, J. L. and Rohrer, G. S.},
  TITLE =        {Spatial separation of photochemical oxidation and
                  reduction reactions on the surface of ferroelectric
                  \ce{BaTiO_3}},
  JOURNAL =      "Journal of Physical Chemistry B",
  VOLUME =       {105},
  NUMBER =       {35},
  PAGES =        {8275-8277},
  YEAR =         2001,
}

@ARTICLE{giocondi-2007-srtio3,
  AUTHOR =       {Giocondi, J. L. and Salvador, P. A. and Rohrer, G.
                  S.},
  TITLE =        {The origin of photochemical anisotropy in
                  \ce{SrTiO_3}},
  JOURNAL =      "Topics in Catalysis",
  VOLUME =       {44},
  NUMBER =       {4},
  PAGES =        {529-533},
  YEAR =         2007,
  DOI =          {10.1007/s11244-006-0101-y},
  LINK =         {\url{http://www.springerlink.com/content/u766183276110443/fulltext.pdf}},
  KEYWORD =      {photochemistry srtio3 anisotropy electronic
                  structure electronic-structure reduction reactions
                  tio2 particles crystal faces surfaces oxidation}
}

@ARTICLE{giocondi-2008-sr2nb-batio3,
  AUTHOR =       {Giocondi, J. L. and Rohrer, G. S.},
  TITLE =        {The influence of the dipolar field effect on the
                  photochemical reactivity of \ce{Sr_2Nb_2O_7} and
                  \ce{BaTiO_3} microcrystals},
  JOURNAL =      "Topics in Catalysis",
  VOLUME =       {49},
  NUMBER =       {1-2},
  PAGES =        {18-23},
  YEAR =         2008,
  DOI =          {10.1007/s11244-008-9067-2},
  LINK =         {\url{http://www.springerlink.com/content/34611j111k110043/fulltext.pdf}},
  KEYWORD =      {dipolar field effect photochemical reactivity
                  sr2nb2o7 batio3 reduction reactions barium-titanate
                  ferroelectrics oxidation ceramics surface}
}

@MISC{gnu-emacs,
  TITLE =        {Gnu Emacs},
}

@ARTICLE{gopalakrishnan-1995-chimie-douce,
  AUTHOR =       {Gopalakrishnan, J.},
  TITLE =        {Chimie Douce Approaches to the Synthesis of
                  Metastable Oxide Materials},
  JOURNAL =      "Chemistry of Materials",
  VOLUME =       {7},
  NUMBER =       {7},
  PAGES =        {1265-1275},
  YEAR =         1995,
  KEYWORD =      {solid-state synthesis transition-metal oxides soft
                  chemical synthesis mixed-valence compounds ion-
                  exchange molecular-sieve solvolytic
                  disproportionation structural characterization
                  oxidative deintercalation intercalation compounds}
}

@ARTICLE{gorbenko-2002-epitax,
  AUTHOR =       {Gorbenko, O. Y. and Samoilenkov, S. V. and Graboy,
                  I. E. and Kaul, A. R.},
  TITLE =        {Epitaxial stabilization of oxides in thin films},
  JOURNAL =      "Chemistry of Materials",
  VOLUME =       {14},
  NUMBER =       {10},
  PAGES =        {4026-4043},
  YEAR =         2002,
  DOI =          {10.1021/Cm021111v},
  LINK =         {\url{http://pubs.acs.org/doi/pdfplus/10.1021/cm021111v}},
  KEYWORD =      {molecular-beam epitaxy pulsed-laser deposition
                  chemical-vapor-deposition high-pressure synthesis
                  dioxide cro2 films magnetic-properties lattice
                  deformation structural characterization crystal-
                  structure fe3o4 films}
}

@ARTICLE{gupta-1997-thin,
  AUTHOR =       {Gupta, A.},
  TITLE =        {Thin film synthesis of metastable and artificially
                  structured oxides},
  JOURNAL =      "Current Opinion in Solid State \& Materials
                  Science",
  VOLUME =       {2},
  NUMBER =       {1},
  PAGES =        {23-31},
  YEAR =         1997,
  KEYWORD =      {pulsed-laser deposition molecular-beam epitaxy layer
                  growth superlattices perovskite superconductivity
                  srcuo2 cacuo2 cu yba2cu3o7-delta}
}

@ARTICLE{haines-2001-synth-and,
  AUTHOR =       {Haines, J and L\'eger, JM and Bocquillon, G},
  TITLE =        {SYNTHESIS AND DESIGN OF SUPERHARD MATERIALS},
  JOURNAL =      "Annual Review of Materials Research",
  VOLUME =       {31},
  NUMBER =       {1},
  PAGES =        {1-23},
  YEAR =         2001,
  DOI =          {10.1146/annurev.matsci.31.1.1},
  LINK =         {\url{http://www.annualreviews.org/doi/abs/10.1146/annurev.matsci.31.1.1}},
}

@ARTICLE{hautier-2010-findin-natur,
  AUTHOR =       {Hautier, Geoffroy and Fischer, Christopher C. and
                  Jain, Anubhav and Mueller, Tim and Ceder, Gerbrand},
  TITLE =        {Finding Nature's Missing Ternary Oxide Compounds
                  Using Machine Learning and Density Functional
                  Theory},
  JOURNAL =      "Chemistry of Materials",
  VOLUME =       {22},
  NUMBER =       {12},
  PAGES =        {3762-3767},
  YEAR =         2010,
  DOI =          {10.1021/cm100795d},
  LINK =         {\url{https://doi.org/10.1021/cm100795d}},
}

@ARTICLE{hautier-2012-accur,
  AUTHOR =       {Hautier, Geoffroy and Ong, Shyue Ping and Jain,
                  Anubhav and Moore, Charles J. and Ceder, Gerbrand},
  TITLE =        {Accuracy of density functional theory in predicting
                  formation energies of ternary oxides from binary
                  oxides and its implication on phase stability},
  JOURNAL =      "Physical Review B",
  VOLUME =       {85},
  NUMBER =       {15},
  PAGES =        {155208},
  YEAR =         2012,
  LINK =         {\url{http://link.aps.org/doi/10.1103/PhysRevB.85.155208}},
}

@PHDTHESIS{havelia-2009-nucleat-growt,
  AUTHOR =       {Havelia, S.},
  TITLE =        {Nucleation and Growth of Kinetically Frustrated
                  Metastable Materials as Thin Films},
  YEAR =         2009,
  SCHOOL =       {Carnegie Mellon University}
}

@ARTICLE{havelia-2009-thin-film,
  AUTHOR =       {Havelia, S. and Wang, S. and Balasubramaniam, K. R.
                  and Salvador, P. A.},
  TITLE =        {Thin Film Synthesis and Structural Characterization
                  of a New Kinetically Preferred Polymorph in the
                  \ce{RE_2Ti_2O_7} ({RE} = {La-Y}) Family},
  JOURNAL =      "Crystal Growth \& Design",
  VOLUME =       {9},
  NUMBER =       {10},
  PAGES =        {4546-4554},
  YEAR =         2009,
  DOI =          {10.1021/Cg900556d},
  KEYWORD =      {pulsed-laser deposition single-crystal fibers
                  perovskite structure growth stabilization
                  pyrochlores la2ti2o7 mechanism ablation y2mn2o7}
}

@ARTICLE{havelia-2012-combin,
  AUTHOR =       {Havelia, S. and Wang, S. and Schultz, A. M. and
                  Balasubramaniam, K. R. and Rohrer, G. S. and
                  Salvador, P. A.},
  TITLE =        {Combinatorial substrate epitaxy: a new approach to
                  growth of complex metastable compounds},
  JOURNAL =      "(in preparation, 2012).",
  YEAR =         2012,
}

@ARTICLE{helmick-2011-cryst,
  AUTHOR =       {Helmick, Lam and Dillon, S. J. and Gerdes, Kirk and
                  Gemmen, Randall and Rohrer, Gregory and Seetharaman,
                  Sridhar and Salvador, Paul A.},
  TITLE =        {Crystallographic characteristics of grain boundaries
                  in dense yttria-stabilized zirconia},
  JOURNAL =      "International Journal of Applied Ceramic
                  Technology",
  VOLUME =       {8},
  NUMBER =       {5},
  PAGES =        {1218-1228},
  YEAR =         2011,
  DOI =          {10.1111/j.1744-7402.2010.02567.x},
}

@ARTICLE{herman-2001-growt,
  AUTHOR =       {Herman, G. S. and Gao, Y.},
  TITLE =        {Growth of epitaxial anatase (001) and (101) films},
  JOURNAL =      "Thin Solid Films",
  VOLUME =       {397},
  NUMBER =       {1-2},
  PAGES =        {157-161},
  YEAR =         2001,
  KEYWORD =      {anatase tio2 molecuar beam epitaxy segregation
                  titanium oxides molecular-beam tio2 colloids thin-
                  film surface tio2(110) rutile water tio2(001)
                  titania}
}

@ARTICLE{hsieh-2002-monop-tio2,
  AUTHOR =       {Hsieh, C. C. and Wu, K. H. and Juang, J. Y. and Uen,
                  T. M. and Lin, J. Y. and Gou, Y. S.},
  TITLE =        {Monophasic \ce{TiO_2} films deposited on
                  \ce{SrTiO_3}(100) by pulsed laser ablation},
  JOURNAL =      "Journal of Applied Physics",
  VOLUME =       {92},
  NUMBER =       {5},
  PAGES =        {2518-2523},
  YEAR =         2002,
  DOI =          {10.1063/1.1499522},
  KEYWORD =      {x-ray-absorption shielded dielectric resonators
                  electron-energy-loss thin-films titanium-dioxide
                  spectroscopy anatase oxides tin oxidation}
}

@ARTICLE{islam-2011-uncon-growt,
  AUTHOR =       {Islam, A. T. M. N. and Pieper, O. and Lake, B. and
                  Siemensmeyer, K.},
  TITLE =        {Unconventional Growth Mechanism in Optical Traveling
                  Solvent Floating Zone Growth of Large
                  $\beta$-\ce{CuNb_2O_6} Single Crystals},
  JOURNAL =      "Crystal Growth \& Design",
  VOLUME =       {11},
  NUMBER =       {1},
  PAGES =        {154-157},
  YEAR =         2011,
  DOI =          {10.1021/Cg1010709},
  KEYWORD =      {tsfz method cunb2o6 diffraction behavior niobates
                  m2+nb2o6 system}
}

@ARTICLE{khalam-2007-tailor-mgnb2,
  AUTHOR =       {Khalam, L. A. and Thomas, S. and Sebastian, M. T.},
  TITLE =        {Tailoring the microwave dielectric properties of
                  \ce{MgNb_2O_6} and \ce{Mg_4Nb_2O_9} ceramics},
  JOURNAL =      "International Journal of Applied Ceramic
                  Technology",
  VOLUME =       {4},
  NUMBER =       {4},
  PAGES =        {359-366},
  YEAR =         2007,
  KEYWORD =      {pb(mg1/3nb2/3)o-3-pbtio3 thin-films lead magnesium
                  niobate coprecipitation technique crystal-structure
                  mgo-nb2o5 system powders columbite phase temperature
                  frequencies}
}

@ARTICLE{kim-2006-antif-bicro3,
  AUTHOR =       {Kim, D. H. and Lee, H. N. and Varela, M. and
                  Christen, H. M.},
  TITLE =        {Antiferroelectricity in multiferroic \ce{BiCrO_3}
                  epitaxial films},
  JOURNAL =      "Applied Physics Letters",
  VOLUME =       {89},
  NUMBER =       {16},
  YEAR =         2006,
  DOI =          {10.1063/1.2362585},
  KEYWORD =      {magnetic-properties polarization bimno3}
}

@ARTICLE{kong-2010-struc-sno2,
  AUTHOR =       {Kong, L. Y. and Ma, J. and Zhu, Z. and Luan, C. N.
                  and Ji, F.},
  TITLE =        {Structural, electrical and optical properties of
                  \ce{SnO_2} films deposited on {Y}-stabilized
                  \ce{ZrO_2} (100) substrates by {MOCVD}},
  JOURNAL =      "Journal of Crystal Growth",
  VOLUME =       {312},
  NUMBER =       {20},
  PAGES =        {2931-2935},
  YEAR =         2010,
  DOI =          {10.1016/j.jcrysgro.2010.07.019},
  KEYWORD =      {crystal structure x-ray diffraction metalorganic
                  chemical vapor deposition oxides thin-films tin
                  nanowires growth tio2 beam}
}

@ARTICLE{kong-2010-synth,
  AUTHOR =       {Kong, L. Y. and Ma, J. and Zhu, Z. and Luan, C. N.
                  and Yu, X. H. and Yu, Q. Q.},
  TITLE =        {Synthesis of orthorhombic structure epitaxial tin
                  oxide film},
  JOURNAL =      "Materials Letters",
  VOLUME =       {64},
  NUMBER =       {12},
  PAGES =        {1350-1353},
  YEAR =         2010,
  DOI =          {10.1016/j.matlet.2010.03.058},
  KEYWORD =      {thin films epitaxial growth deposition mocvd sno2
                  thin-films zno-al films low-temperature evaporation
                  deposition growth}
}

@ARTICLE{kong-2011-struc,
  AUTHOR =       {Kong, L. Y. and Ma, J. and Luan, C. N. and Zhu, Z.},
  TITLE =        {Structural and optical properties of single
                  crystalline columbite tin oxide film},
  JOURNAL =      "Applied Physics Letters",
  VOLUME =       {98},
  NUMBER =       {26},
  YEAR =         2011,
  DOI =          {10.1063/1.3603936},
  KEYWORD =      {pulsed-laser deposition sno2 thin-films temperature
                  transformation growth phase}
}

@ARTICLE{krishnamurthy-2003-magnet-cunb2,
  AUTHOR =       {Krishnamurthy, V. V. and Nagamine, K. and Nishiyama,
                  K. and Ishikawa, M. and Yamaguchi, M. and Watanabe,
                  I. and Ishikawa, T. and Das, T. P.},
  TITLE =        {Magnetic ordering and spin dynamics in the quasi-
                  one-dimensional spin-1/2 chains of \ce{CuNb_2O_6}
                  observed by muon spin rotation and relaxation},
  JOURNAL =      "Physical Review B",
  VOLUME =       {68},
  NUMBER =       {1},
  YEAR =         2003,
  DOI =          {Artn 014401 Doi 10.1103/Physrevb.68.014401},
  KEYWORD =      {monoclinic cunb2o6 gap behavior}
}

@ARTICLE{kushima-2010-compet-lacoo3,
  AUTHOR =       {Kushima, Akihiro and Yip, Sidney and Yildiz, Bilge},
  TITLE =        {Competing strain effects in reactivity of
                  \ce{LaCoO_3} with oxygen},
  JOURNAL =      "Physical Review B",
  VOLUME =       {82},
  NUMBER =       {11},
  PAGES =        {115435},
  YEAR =         2010,
  DOI =          {10.1103/PhysRevB.82.115435},
  LINK =         {\url{http://link.aps.org/doi/10.1103/PhysRevB.82.115435}},
}

@ARTICLE{lamelas-1999-thin-sno2,
  AUTHOR =       {Lamelas, F. J. and Reid, S. A.},
  TITLE =        {Thin-film synthesis of the orthorhombic phase of
                  \ce{SnO_2}},
  JOURNAL =      "Physical Review B",
  VOLUME =       {60},
  NUMBER =       {13},
  PAGES =        {9347-9352},
  YEAR =         1999,
  KEYWORD =      {high-pressure rutile-type transition dioxides pbo2
                  tin}
}

@ARTICLE{langbein-1997-cux2o6-ba3cux,
  AUTHOR =       {Langbein, H. and Bremer, M. and Krabbes, I.},
  TITLE =        {\ce{CuX_2O_6} and \ce{Ba_3CuX_2O_9} ({X} = {Nb},
                  {Ta}): influence of the preparation conditions on
                  phase formation and phase composition},
  JOURNAL =      "Solid State Ionics",
  VOLUME =       {101},
  PAGES =        {579-584},
  YEAR =         1997,
  KEYWORD =      {precursor freeze drying perovskite columbite
                  trirutile system}
}

@ARTICLE{lee-2009-ab-defec,
  AUTHOR =       {Lee, Yueh-Lin and Morgan, Dane and Kleis, Jesper and
                  Rossmeisl, Jan},
  TITLE =        {Ab initio Defect Energetics in \ce{LaBO_3}
                  Perovskite Solid Oxide Fuel Cell Materials},
  JOURNAL =      "ECS Transactions",
  VOLUME =       {25},
  NUMBER =       {2},
  PAGES =        {2761-2767},
  YEAR =         2009,
  DOI =          {10.1149/1.3205837},
  LINK =         {\url{http://link.aip.org/link/abstract/ECSTF8/v25/i2/p2761/s1}},
}

@ARTICLE{lee-2009-ab-labo3,
  AUTHOR =       {Lee, Yueh-Lin and Kleis, Jesper and Rossmeisl, Jan
                  and Morgan, Dane},
  TITLE =        {Ab initio energetics of \ce{LaBO_3}(001) ( {B}={Mn}
                  , {Fe}, {Co}, and {Ni}) for solid oxide fuel cell
                  cathodes},
  JOURNAL =      "Physical Review B",
  VOLUME =       {80},
  NUMBER =       {22},
  PAGES =        {224101-224101},
  YEAR =         2009,
  DOI =          {10.1103/PhysRevB.80.224101},
  LINK =         {\url{http://link.aps.org/doi/10.1103/PhysRevB.80.224101}},
}

@ARTICLE{lee-2009-predic-surfac,
  AUTHOR =       {Lee, Yueh-Lin and Morgan, Dane},
  TITLE =        {Prediction of Surface Oxygen Vacancy Concentrations
                  of \ce{La_{1-x}Sr_xMnO_3}},
  JOURNAL =      "ECS Transactions",
  VOLUME =       {25},
  NUMBER =       {2},
  PAGES =        {2769-2774},
  YEAR =         2009,
  DOI =          {10.1149/1.3205838},
  LINK =         {\url{http://link.aip.org/link/abstract/ECSTF8/v25/i2/p2769/s1}},
}

@ARTICLE{li-2011-optic-mgnb2,
  AUTHOR =       {Li, L. and Feng, G. L. and Wang, D. J. and Yang, H.
                  and Gao, Z. M. and Li, B. X. and Xu, D. P. and Ding,
                  Z. H. and Liu, X. Y.},
  TITLE =        {Optical floating zone method growth and
                  photoluminescence property of \ce{MgNb_2O_6}
                  crystal},
  JOURNAL =      "Journal of Alloys and Compounds",
  VOLUME =       {509},
  NUMBER =       {27},
  PAGES =        {L263-L266},
  YEAR =         2011,
  DOI =          {10.1016/j.jallcom.2011.04.063},
  KEYWORD =      {mgnb2o6 crystal growth x-ray diffraction
                  luminescence single-crystals spectroscopic
                  properties luminescent properties columbite
                  structure ceramics niobates znnb2o6 flux}
}

@ARTICLE{liu-2009-therm,
  AUTHOR =       {Liu, J. Z. and Zunger, A.},
  TITLE =        {Thermodynamic theory of epitaxial alloys: first-
                  principles mixed-basis cluster expansion of ({In},
                  {Ga}){N} alloy film},
  JOURNAL =      "Journal of Physics-Condensed Matter",
  VOLUME =       {21},
  NUMBER =       {29},
  YEAR =         2009,
  DOI =          {10.1088/0953-8984/21/29/295402},
  KEYWORD =      {short-range-order substrate-induced stabilization
                  composition phase-diagrams iii-v-alloys cu-au
                  semiconductor alloys laser-diodes metal-alloys
                  noble-metals ag-au}
}

@ARTICLE{lowndes-1996-synth,
  AUTHOR =       {Lowndes, D. H. and Geohegan, D. B. and Puretzky, A.
                  A. and Norton, D. P. and Rouleau, C. M.},
  TITLE =        {Synthesis of novel thin-film materials by pulsed
                  laser deposition},
  JOURNAL =      "Science",
  VOLUME =       {273},
  NUMBER =       {5277},
  PAGES =        {898-903},
  YEAR =         1996,
  KEYWORD =      {amorphic diamond films carbon-films
                  yba2cu3o7-x/prba2cu3o7-x superlattices excimer-laser
                  ablation evaporation growth superconductivity
                  magnetoresistance spectroscopy}
}

@ARTICLE{manjon-2009-press,
  AUTHOR =       {Manj{\'o}n, FJ and Errandonea, D.},
  TITLE =        {Pressure-induced structural phase transitions in
                  materials and earth sciences},
  JOURNAL =      "Physica Status Solidi B",
  VOLUME =       {246},
  NUMBER =       {1},
  PAGES =        {9-31},
  YEAR =         2009,
  LINK =         {\url{http://personales.upv.es/~fjmanjon/pssb246_9.pdf}},
}

@ARTICLE{martinez-2009-format,
  AUTHOR =       {Martinez, J. I. and Hansen, H. A. and Rossmeisl, J.
                  and N{\o}rskov, J. K.},
  TITLE =        {Formation energies of rutile metal dioxides using
                  density functional theory},
  JOURNAL =      "Physical Review B",
  VOLUME =       {79},
  NUMBER =       {4},
  PAGES =        {5},
  YEAR =         2009,
  DOI =          {10.1103/PhysRevB.79.045120},
  KEYWORD =      {chromium compounds density functional theory
                  electrochemistry germanium compounds iridium
                  compounds lead compounds localised states manganese
                  compounds molybdenum compounds niobium compounds
                  osmium compounds platinum compounds rhenium
                  compounds ruthenium compounds selenium compounds
                  titanium compounds tungsten compounds vanadium
                  compounds POWDER NEUTRON-DIFFRACTION ELECTRONIC-
                  STRUCTURE RAMAN-SCATTERING OXYGEN EVOLUTION BAND
                  THEORY TRANSITION SURFACES WATER OXIDE RUO2}
}

@ARTICLE{mastrikov-2010-pathw-oxygen,
  AUTHOR =       {Mastrikov, Yuri A. and Merkle, Rotraut and Heifets,
                  Eugene and Kotomin, Eugene A. and Maier, Joachim},
  TITLE =        {Pathways for Oxygen Incorporation in Mixed
                  Conducting Perovskites: A {DFT}-Based Mechanistic
                  Analysis for \ce{(La, Sr)MnO_3}},
  JOURNAL =      "The Journal of Physical Chemistry C",
  VOLUME =       {114},
  NUMBER =       {7},
  PAGES =        {3017-3027},
  YEAR =         2010,
  DOI =          {10.1021/jp909401g},
  LINK =         {\url{https://doi.org/10.1021/jp909401g}},
}

@ARTICLE{mercey-1999-thin,
  AUTHOR =       {Mercey, Bernard and A. Salvador, Paul and Prellier,
                  Wilfrid and Doan, Trong-Duc and Wolfman, Jerome and
                  Hervieu, Maryvonne and Raveau, Bernard},
  TITLE =        {Thin film deposition: a novel synthetic route to new
                  materials},
  JOURNAL =      "Journal of Materials Chemistry",
  VOLUME =       {9},
  NUMBER =       {1},
  PAGES =        {233-242},
  YEAR =         1999,
  LINK =         {\url{https://doi.org/10.1039/A804929G}},
}

@ARTICLE{muscat-2002-first-tio2,
  AUTHOR =       {Muscat, Joseph and Swamy, Varghese and Harrison,
                  Nicholas M.},
  TITLE =        {First-principles calculations of the phase stability
                  of \ce{TiO_2}},
  JOURNAL =      "Physical Review B",
  VOLUME =       {65},
  NUMBER =       {22},
  PAGES =        {224112},
  YEAR =         2002,
  LINK =         {\url{http://link.aps.org/doi/10.1103/PhysRevB.65.224112}},
}

@ARTICLE{navale-2006-synth-mgnb2,
  AUTHOR =       {Navale, S. C. and Gaikwad, A. B. and Ravi, V.},
  TITLE =        {Synthesis of \ce{MgNb_2O_6} by coprecipitation},
  JOURNAL =      "Materials Research Bulletin",
  VOLUME =       {41},
  NUMBER =       {7},
  PAGES =        {1353-1356},
  YEAR =         2006,
  DOI =          {10.1016/J.Materresbull.2005.12.009},
  KEYWORD =      {ceramics electronic materials chemical synthesis
                  x-ray diffraction electron microscopy dielectric-
                  properties ceramics mgta2o6}
}

@ARTICLE{nolan-2008-vacan-co,
  AUTHOR =       {Nolan, Michael and Verdugo, Victor Soto and Metiu,
                  Horia},
  TITLE =        {Vacancy formation and {CO} adsorption on gold-doped
                  ceria surfaces},
  JOURNAL =      "Surface Science",
  VOLUME =       {602},
  NUMBER =       {16},
  PAGES =        {2734-2742},
  YEAR =         2008,
  DOI =          {10.1016/j.susc.2008.06.028},
  LINK =         {\url{http://www.sciencedirect.com/science/article/B6TVX-4SYCPNH-1/2/49a540cd51d18059af9dc0d3108c6b63}},
  KEYWORD =      {Density functional calculations Adsorption Catalysis
                  Surface defects Doping Ceria}
}

@ARTICLE{ohshima-2000-synth-bi1,
  AUTHOR =       {Ohshima, E. and Saya, Y. and Nantoh, M. and Kawai,
                  M.},
  TITLE =        {Synthesis and magnetic property of the perovskite
                  \ce{Bi_{1-x}Sr_xMnO_3} thin film},
  JOURNAL =      "Solid State Communications",
  VOLUME =       {116},
  NUMBER =       {2},
  PAGES =        {73-76},
  YEAR =         2000,
  KEYWORD =      {magnetically ordered materials thin films epitaxy
                  exchange and superexchange giant magnetotransport
                  la1-xsrxmno3 bimno3}
}

@ARTICLE{omata-2005-charac-pbo2,
  AUTHOR =       {Omata, T. and Kita, M. and Otsuka-Yao-Matsuoa, S.
                  and Katada, M.},
  TITLE =        {Characterization of novel cation-ordered compounds
                  with fluorite and alpha-\ce{PbO_2} related
                  structures prepared by oxidation of {Sn}-{Nb}-{O}
                  pyrochlore},
  JOURNAL =      "Journal Of Physics And Chemistry Of Solids",
  VOLUME =       {66},
  NUMBER =       {1},
  PAGES =        {53-62},
  YEAR =         2005,
  DOI =          {10.1016/j.jpcs.2004.08.031},
  KEYWORD =      {x-ray-diffraction crystal-structure single crystals
                  phase mossbauer spectroscopy columbite niobates
                  oxide geo2}
}

@MISC{org-mode,
  TITLE =        {org-mode},
}

@ARTICLE{osterloh-2007-inorg-mater,
  AUTHOR =       {Osterloh, Frank E.},
  TITLE =        {Inorganic Materials as Catalysts for Photochemical
                  Splitting of Water},
  JOURNAL =      "Chemistry of Materials",
  VOLUME =       {20},
  NUMBER =       {1},
  PAGES =        {35-54},
  YEAR =         2007,
  DOI =          {10.1021/cm7024203},
  LINK =         {\url{https://doi.org/10.1021/cm7024203}},
}

@BOOK{paine-1990-laser-ablat,
  AUTHOR =       {Paine, D. C. and Bravman, J. C.},
  TITLE =        {Laser Ablation For Materials Synthesis},
  VOLUME =       {191},
  YEAR =         1990,
  PUBLISHER =    {Materials Research Society}
}

@ARTICLE{pala-2007-modif-oxidat,
  AUTHOR =       {Pala, Raj Ganesh S. and Metiu, Horia},
  TITLE =        {Modification of the Oxidative Power of {ZnO}(1010)
                  Surface by Substituting Some Surface {Zn} Atoms with
                  Other Metals},
  JOURNAL =      "The Journal of Physical Chemistry C",
  VOLUME =       {111},
  NUMBER =       {24},
  PAGES =        {8617-8622},
  YEAR =         2007,
  DOI =          {10.1021/jp071671n},
  LINK =         {\url{https://doi.org/10.1021/jp071671n}},
}

@ARTICLE{pala-2009-co-ti,
  AUTHOR =       {Pala, Raj Ganesh S. and Tang, Wei and Sushchikh,
                  Michael M. and Park, Jung-Nam and Forman, Arnold J.
                  and Wu, Guang and Kleiman-Shwarsctein, Alan and
                  Zhang, Jingping and McFarland, Eric W. and Metiu,
                  Horia},
  TITLE =        {{CO} oxidation by {Ti}- and {Al}-doped {ZnO}: Oxygen
                  activation by adsorption on the dopant},
  JOURNAL =      "Journal of Catalysis",
  VOLUME =       {266},
  NUMBER =       {1},
  PAGES =        {50-58},
  YEAR =         2009,
  DOI =          {10.1016/j.jcat.2009.05.011},
  LINK =         {\url{http://www.sciencedirect.com/science/article/B6WHJ-4WHDHXB-2/2/3ca4332401b17e7e583fdd75eef358ec}},
  KEYWORD =      {CO oxidation Catalysis Doped oxide Ti Al ZnO 18O2}
}

@ARTICLE{piskunov-2008-elect-lamno3,
  AUTHOR =       {Piskunov, S. and Heifets, E. and Jacob, T. and
                  Kotomin, E. A. and Ellis, D. E. and Spohr, E.},
  TITLE =        {Electronic structure and thermodynamic stability of
                  \ce{LaMnO_3} and \ce{La_{1-x}Sr_xMnO_3} (001)
                  surfaces: Ab initio calculations},
  JOURNAL =      "Physical Review B",
  VOLUME =       {78},
  NUMBER =       {12},
  PAGES =        {121406},
  YEAR =         2008,
  DOI =          {10.1103/Physrevb.78.121406},
  KEYWORD =      {oxide fuel-cells oxygen reduction thin-films
                  manganites behavior}
}

@ARTICLE{poeppelmeier-1998-prefac,
  AUTHOR =       {Poeppelmeier, K. R.},
  TITLE =        {Preface to the special issue: Frontiers in inorganic
                  solid-state chemistry},
  JOURNAL =      "Chemistry of Materials",
  VOLUME =       {10},
  NUMBER =       {10},
  PAGES =        {2577-2578},
  YEAR =         1998,
}

@ARTICLE{posadas-2005-epitax-ymno3-gan,
  AUTHOR =       {Posadas, A. and Yau, J. B. and Ahn, C. H. and Han,
                  J. and Gariglio, S. and Johnston, K. and Rabe, K. M.
                  and Neaton, J. B.},
  TITLE =        {Epitaxial growth of multiferroic \ce{YMnO_3} on
                  {GaN}},
  JOURNAL =      "Applied Physics Letters",
  VOLUME =       {87},
  NUMBER =       {17},
  YEAR =         2005,
  DOI =          {10.1063/1.2120903},
  KEYWORD =      {molecular-beam epitaxy surfaces films}
}

@BOOK{rao-1994-chemic-approac,
  AUTHOR =       {Rao, C. N. R.},
  TITLE =        {Chemical Approaches to the Synthesis of Inorganic
                  Materials},
  YEAR =         1994,
  PUBLISHER =    {Wiley, New York}
}

@ARTICLE{rossmeisl-2008-trend-sofc,
  AUTHOR =       {Rossmeisl, J. and Bessler, W. G.},
  TITLE =        {Trends in catalytic activity for {SOFC} anode
                  materials},
  JOURNAL =      "Solid State Ionics",
  VOLUME =       {178},
  NUMBER =       {31-32},
  PAGES =        {1694-1700},
  YEAR =         2008,
  DOI =          {10.1016/j.ssi.2007.10.016},
  KEYWORD =      {density-functional theory (DFT) Solid oxide fuel
                  cell (SOFC) anode spillover FUEL-CELLS OXIDATION
                  ELECTRODE TEMPERATURE INTERFACE HYDROGEN}
}

@ARTICLE{roy-1989-synth-new,
  AUTHOR =       {Roy, R.},
  TITLE =        {Synthesizing New Materials to Specification},
  JOURNAL =      "Solid State Ionics",
  VOLUME =       {32-3},
  PAGES =        {3-22},
  YEAR =         1989,
  DOI =          {10.1016/0167-2738(89)90198-7},
}

@INBOOK{salvador-1998-chemis-advan-mater,
  AUTHOR =       {Salvador, P. A. and Mason, T. O. and Hagerman, M. E.
                  and Poeppelmeier, K. R.},
  TITLE =        {Chemistry of Advanced Materials: An Overview},
  PAGES =        {449-498},
  YEAR =         1998,
  CHAPTER =      {Layered Transition Metal Oxides and Chalcogenides}
  PUBLISHER =    {Wiley-VCH, Inc.,}
  EDITOR =       {Interrante, L. V. and Hampden-Smith, M.}
}

@ARTICLE{salvador-1998-stabil-ymno3,
  AUTHOR =       {Salvador, P. A. and Doan, T. D. and Mercey, B. and
                  Raveau, B.},
  TITLE =        {Stabilization of \ce{YMnO_3} in a perovskite
                  structure as a thin film},
  JOURNAL =      "Chemistry of Materials",
  VOLUME =       {10},
  NUMBER =       {10},
  PAGES =        {2592-2595},
  YEAR =         1998,
  KEYWORD =      {pulsed-laser deposition nonvolatile memory devices
                  ca-mn-o epitaxial nd0.7sr0.3mno3-delta giant
                  magnetoresistance magnetic-properties growth la
                  temperature candidate}
}

@ARTICLE{schlom-2008,
  AUTHOR =       {Schlom, D. G. and Chen, L. Q. and Pan, X. Q. and
                  Schmehl, A. and Zurbuchen, M. A.},
  TITLE =        {A thin film approach to engineering functionality
                  into oxides},
  JOURNAL =      "Journal of the American Ceramic Society",
  VOLUME =       {91},
  NUMBER =       {8},
  PAGES =        {2429-2454},
  YEAR =         2008,
  DOI =          {10.1111/j.1551-2916.2008.02556.x},
  KEYWORD =      {molecular-beam-epitaxy pulsed-laser deposition
                  chemical-vapor-deposition cu-o system
                  magnetoelectric composite-material transmission
                  electron-microscope high-temperature superconductor
                  ferroelectric bismuth titanate activated reactive
                  evaporation rheed intensity oscillations}
}

@ARTICLE{schulte-2011-activ-docum,
  AUTHOR =       {Schulte, E. and Davison, D.},
  TITLE =        {Active Documents with Org-Mode},
  JOURNAL =      "Computing in Science \& Engineering",
  VOLUME =       {13},
  NUMBER =       {3},
  PAGES =        {66-73},
  YEAR =         2011,
  DOI =          {10.1109/mcse.2011.41},
  KEYWORD =      {document handling specification languages Org-mode
                  language active documents code intermingling data
                  intermingling hierarchical documents plain-text
                  markup language prose intermingling}
}

@ARTICLE{shapovalov-2007-catal,
  AUTHOR =       {Shapovalov, Vladimir and Metiu, Horia},
  TITLE =        {Catalysis by doped oxides: {CO} oxidation by
                  \ce{Au_{x}Ce_{1-x}O_2}},
  JOURNAL =      "Journal of Catalysis",
  VOLUME =       {245},
  NUMBER =       {1},
  PAGES =        {205-214},
  YEAR =         2007,
  DOI =          {10.1016/j.jcat.2006.10.009},
  LINK =         {\url{http://www.sciencedirect.com/science/article/B6WHJ-4MBC01Y-1/2/56efcffc3674dfc45caa6560c6c85f44}},
  KEYWORD =      {Doped ceria Carbon monoxide Oxidation catalyst DFT
                  calculation}
}

@ARTICLE{silva-2010-subst-tio2,
  AUTHOR =       {Silva, V. F. and Bouquet, V. and Deputier, S. and
                  Boursicot, S. and Ollivier, S. and Weber, I. T. and
                  Silva, V. L. and Santos, I. M. G. and Guilloux-Viry,
                  M. and Perrin, A.},
  TITLE =        {Substrate-controlled allotropic phases and growth
                  orientation of \ce{TiO_2} epitaxial thin films},
  JOURNAL =      "Journal of Applied Crystallography",
  VOLUME =       {43},
  PAGES =        {1502-1512},
  YEAR =         2010,
  DOI =          {10.1107/S0021889810041221},
  KEYWORD =      {titanium oxide thin films pulsed laser deposition
                  epitaxial relations pulsed-laser deposition atomic
                  layer deposition chemical-vapor-deposition anatase-
                  rutile transformation photocatalytic activity
                  kinetics transition particles thickness pressure}
}

@BOOK{singh-1999-advan-laser,
  AUTHOR =       {Singh, R. K. and Lowndes, D. B. and Chrisey, D. B.
                  and Fogarassy, E. and Narayan, J.},
  TITLE =        {Advances in Laser Ablation of Materials},
  VOLUME =       {526},
  YEAR =         1999,
  PUBLISHER =    {Materials Research Society}
}

@ARTICLE{song-2008-enhan-therm,
  AUTHOR =       {Song, Jong Hyun and Susaki, Tomofumi and Hwang,
                  Harold Y.},
  TITLE =        {Enhanced Thermodynamic Stability of Epitaxial Oxide
                  Thin Films},
  JOURNAL =      "Advanced Materials",
  VOLUME =       {20},
  NUMBER =       {13},
  PAGES =        {2528-2532},
  YEAR =         2008,
  DOI =          {10.1002/adma.200701919},
  LINK =         {\url{https://doi.org/10.1002/adma.200701919}},
  KEYWORD =      {thin films perovskites metal oxides epitaxy}
}

@ARTICLE{stampfl-2012-struc,
  AUTHOR =       {Stampfl, C. and Freeman, A. J.},
  TITLE =        {Structure and stability of transition metal nitride
                  interfaces from first-principles: {AlN/VN},
                  {AlN/TiN}, and {VN/TiN}},
  JOURNAL =      "Applied Surface Science",
  VOLUME =       {258},
  NUMBER =       {15},
  PAGES =        {5638-5645},
  YEAR =         2012,
  DOI =          {10.1016/j.apsusc.2012.02.046},
  KEYWORD =      {atomic structure interface energy metal nitrides
                  nanostructured materials hard coatings density
                  functional theory superhard materials mechanical
                  hardness cubic aln superlattices growth
                  stabilization coatings surfaces design}
}

@ARTICLE{strukov-2008,
  AUTHOR =       {Strukov, Dmitri B. and Snider, Gregory S. and
                  Stewart, Duncan R. and Williams, R. Stanley},
  TITLE =        {The missing memristor found},
  JOURNAL =      "Nature",
  VOLUME =       {453},
  NUMBER =       {7191},
  PAGES =        {80-83},
  YEAR =         2008,
  LINK =         {\url{https://doi.org/10.1038/nature06932}},
}

@ARTICLE{vertegel-2001-epitax-pbo2-au,
  AUTHOR =       {Vertegel, A. A. and Bohannan, E. W. and Shumsky, M.
                  G. and Switzer, J. A.},
  TITLE =        {Epitaxial electrodeposition of orthorhombic
                  alpha-\ce{PbO_2} on (100)-oriented single crystal
                  {Au}},
  JOURNAL =      "Journal of the Electrochemical Society",
  VOLUME =       {148},
  NUMBER =       {4},
  PAGES =        {C253-C256},
  YEAR =         2001,
  KEYWORD =      {thin-films growth oxide deposition layer cdte cds}
}

@ARTICLE{vittadini-2005-first,
  AUTHOR =       {Vittadini, A. and Casarin, M. and Sambi, M. and
                  Selloni, A.},
  TITLE =        {First-principles studies of vanadia-titania
                  catalysts: Beyond the monolayer},
  JOURNAL =      "Journal of Physical Chemistry B",
  VOLUME =       {109},
  NUMBER =       {46},
  PAGES =        {21766-21771},
  YEAR =         2005,
  DOI =          {10.1021/Jp0536910},
  KEYWORD =      {density-functional theory surface-structure
                  photoelectron diffraction oxidation reduction
                  anatase oxide tio2 v2o5}
}

@ARTICLE{wang-2006-oxidat-gga,
  AUTHOR =       {Wang, L. and Maxisch, T. and Ceder, G.},
  TITLE =        {Oxidation energies of transition metal oxides within
                  the {GGA+U} framework},
  JOURNAL =      "Physical Review B",
  VOLUME =       {73},
  NUMBER =       {19},
  PAGES =        {6},
  YEAR =         2006,
  DOI =          {10.1103/PhysRevB.73.195107},
  LINK =         {\url{https://doi.org/10.1103/PhysRevB.73.195107
http://prb.aps.org/pdf/PRB/v73/i19/e195107}},
  KEYWORD =      {WAVE BASIS-SET ELECTRONIC-STRUCTURE MAGNETIC-
                  STRUCTURE LDA+U METHOD DENSITY APPROXIMATION SPECTRA
                  C03O4 PHASE}
}

@ARTICLE{waser-2007-nanoion,
  AUTHOR =       {Waser, Rainer and Aono, Masakazu},
  TITLE =        {Nanoionics-based resistive switching memories},
  JOURNAL =      "Nat Mater",
  VOLUME =       {6},
  NUMBER =       {11},
  PAGES =        {833-840},
  YEAR =         2007,
  LINK =         {\url{https://doi.org/10.1038/nmat2023}},
}

@ARTICLE{yang-2008-anatas-tio2,
  AUTHOR =       {Yang, H. G. and Sun, C. H. and Qiao, S. Z. and Zou,
                  J. and Liu, G. and Smith, S. C. and Cheng, H. M. and
                  Lu, G. Q.},
  TITLE =        {Anatase \ce{TiO_2} single crystals with a large
                  percentage of reactive facets},
  JOURNAL =      "Nature",
  VOLUME =       {453},
  NUMBER =       {7195},
  PAGES =        {638-U4},
  YEAR =         2008,
  DOI =          {10.1038/nature06964},
  LINK =         {\url{http://www.nature.com/nature/journal/v453/n7195/pdf/nature06964.pdf}},
  KEYWORD =      {TOTAL-ENERGY CALCULATIONS WAVE BASIS-SET
                  HYDROTHERMAL CONDITIONS TITANIUM-DIOXIDE SURFACE
                  OXIDE NANOSTRUCTURES NANOPARTICLES NANOCRYSTALS
                  EFFICIENCY}
}

@ARTICLE{zhang-2012-combin-subst-epitax,
  AUTHOR =       {Zhang, Y. and Schultz, A. M. and L. Li, H. Chien and
                  Salvador, P. and Rohrer, G.},
  TITLE =        {Combinatorial Substrate Epitaxy: A high throughput
                  method for determining phase and orientation
                  relationships and its application to
                  \ce{BiFeO_3}/\ce{TiO_2} heterostructures},
  JOURNAL =      "Acta Mater",
  PAGES =        {in review
                  (http://neon.materials.cmu.edu/rohrer/papers/pre\_20
                  12\_05.pdf)},
  YEAR =         2012,
}

@ARTICLE{adler-2004-factor-gover,
  AUTHOR =       {Adler, Stuart B.},
  TITLE =        {Factors Governing Oxygen Reduction in Solid Oxide
                  Fuel Cell Cathodes},
  JOURNAL =      "Chemical Reviews",
  VOLUME =       {104},
  NUMBER =       {10},
  PAGES =        {4791-4844},
  YEAR =         2004,
  DOI =          {10.1021/cr020724o},
  LINK =         {\url{https://doi.org/10.1021/cr020724o}},
}

@ARTICLE{akhade-2011-effec,
  AUTHOR =       {Akhade, Sneha A. and Kitchin, John R.},
  TITLE =        {Effects of strain, d-band filling, and oxidation
                  state on the bulk electronic structure of cubic 3d
                  perovskites},
  JOURNAL =      "J. Chemical Physics",
  VOLUME =       {135},
  NUMBER =       {10},
  PAGES =        {104702},
  YEAR =         2011,
  LINK =         {\url{https://doi.org/doi/10.1063/1.3631948}},
  KEYWORD =      {band structure density functional theory electronic
                  density of states electronic structure lanthanum
                  compounds oxidation strontium compounds}
}

@ARTICLE{alesi-2010-co2-adsor,
  AUTHOR =       {Alesi, W. Richard and Gray, McMahan and Kitchin,
                  John R},
  TITLE =        {\ce{CO_2} Adsorption on Supported Molecular Amidine
                  Systems on Activated Carbon},
  JOURNAL =      "Chemsuschem",
  VOLUME =       {3},
  NUMBER =       {8},
  PAGES =        {948-956},
  YEAR =         2010,
  DOI =          {10.1002/cssc.201000056},
  LINK =         {\url{https://doi.org/10.1002/cssc.201000056}},
  KEYWORD =      {amines carbon sorbents sustainable chemistry
                  thermodynamics}
}

@ARTICLE{ammal-2010-model-tio2,
  AUTHOR =       {Ammal, Salai Cheettu and Heyden, Andreas},
  TITLE =        {Modeling the noble metal/\ce{TiO_2} (110) interface
                  with hybrid {DFT} functionals: A periodic
                  electrostatic embedded cluster model study},
  JOURNAL =      "The Journal of Chemical Physics",
  VOLUME =       {133},
  NUMBER =       {16},
  PAGES =        {164703-15},
  YEAR =         2010,
  DOI =          {10.1063/1.3497037},
  LINK =         {\url{http://link.aip.org/link/?JCP/133/164703/1}},
  KEYWORD =      {adsorption bonds (chemical) density functional
                  theory gold HF calculations interface states metal
                  clusters metal-insulator boundaries platinum
                  titanium compounds}
}

@ARTICLE{arroyo-2009-first-princ,
  AUTHOR =       {Arroyo y de Dompablo, M. E. and Lee, Yueh-Lin and
                  Morgan, D.},
  TITLE =        {First Principles Investigation of Oxygen Vacancies
                  in Columbite \ce{MNb_2O_6} ({M} = {Mn}, {Fe}, {Co},
                  {Ni}, {Cu})},
  JOURNAL =      "Chemistry of Materials",
  VOLUME =       {22},
  NUMBER =       {3},
  PAGES =        {906-913},
  YEAR =         2009,
  DOI =          {10.1021/cm901723j},
  LINK =         {\url{https://doi.org/10.1021/cm901723j}},
}

@BOOK{atkins-2006-shriv-atkin,
  AUTHOR =       {Atkins, P. and Overton, T. and Rourke, J. and
                  Weller, M. and Armstrong, F. and Salvador, P. and
                  Hagerman, M. and Spiro, T. and Steifel, E.},
  TITLE =        {Shriver \& Atkins Inorganic Chemistry},
  YEAR =         2006,
  PUBLISHER =    {W. H. Freeman and Company}
  ADDRESS =      {New York}
}

@ARTICLE{bader-1991,
  AUTHOR =       {Bader, Richard F. W.},
  TITLE =        {A quantum theory of molecular structure and its
                  applications},
  JOURNAL =      "Chemical Reviews",
  VOLUME =       {91},
  NUMBER =       {5},
  PAGES =        {893-928},
  YEAR =         1991,
  DOI =          {10.1021/cr00005a013},
  LINK =         {\url{https://doi.org/10.1021/cr00005a013}},
}

@ARTICLE{balachandran-2006-mixed,
  AUTHOR =       {Balachandran, U. and Ma, Beihai},
  TITLE =        {Mixed-conducting dense ceramic membranes for air
                  separation and natural gas conversion},
  JOURNAL =      "Journal of Solid State Electrochemistry",
  VOLUME =       {10},
  NUMBER =       {8},
  PAGES =        {617-624},
  YEAR =         2006,
  DOI =          {10.1007/s10008-006-0126-y},
  LINK =         {\url{https://doi.org/10.1007/s10008-006-0126-y}},
  KEYWORD =      {Physics and Astronomy}
}

@ARTICLE{balasubramaniam-2007-epitax-remno,
  AUTHOR =       {Balasubramaniam, K. R. and Havelia, S. and Salvador,
                  P. A. and Zheng, H. and Mitchell, J. F.},
  TITLE =        {Epitaxial stabilization and structural properties of
                  \ce{REMnO_3} ({RE} = {Dy, Gd, Sm}) compounds in a
                  layered, hexagonal \ce{ABO_3} structure},
  JOURNAL =      "Applied Physics Letters",
  VOLUME =       {91},
  NUMBER =       {23},
  PAGES =        {232901},
  YEAR =         2007,
  LINK =         {\url{http://link.aip.org/link/?APL/91/232901/1
https://doi.org/10.1063/1.2819606}},
  KEYWORD =      {dysprosium compounds epitaxial layers gadolinium
                  compounds lattice constants multiferroics samarium
                  compounds}
}

@ARTICLE{balasubramaniam-2008-phase-sr2nb,
  AUTHOR =       {Balasubramaniam, K. R. and Cao, Y. and Patel, N. and
                  Havelia, S. and Cox, P. J. and Devlin, E. C. and Yu,
                  E. P. and Close, B. J. and Woodward, P. M. and
                  Salvador, P. A.},
  TITLE =        {Phase and structural characterization of
                  \ce{Sr_2Nb_2O_7} and \ce{SrNbO_3} thin films grown
                  via pulsed laser ablation in \ce{O_2} or \ce{N_2}
                  atmospheres},
  JOURNAL =      "Journal of Solid State Chemistry",
  VOLUME =       {181},
  NUMBER =       {4},
  PAGES =        {705-714},
  YEAR =         2008,
  DOI =          {10.1016/j.jssc.2008.01.007},
  LINK =         {\url{http://www.sciencedirect.com/science/article/B6WM2-4RJRVY8-1/2/3267b0ada52122ee0c7439c816e645ea}},
  KEYWORD =      {Niobates Layered perovskites Laser deposition
                  Epitaxy}
}

@ARTICLE{balasubramanian-2006-growt-ymno3,
  AUTHOR =       {Balasubramanian, K. R. and Chang, Kai-Chieh and
                  Mohammad, Feroz A. and Porter, Lisa M. and Salvador,
                  Paul A. and DiMaio, Jeffrey and Davis, Robert F.},
  TITLE =        {Growth and structural investigations of epitaxial
                  hexagonal \ce{YMnO_3} thin films deposited on
                  wurtzite {GaN}(001) substrates},
  JOURNAL =      "Thin Solid Films",
  VOLUME =       {515},
  NUMBER =       {4},
  PAGES =        {1807-1813},
  YEAR =         2006,
  LINK =         {\url{http://www.sciencedirect.com/science/article/B6TW0-4KPN9RK-1/2/43e4e82666a2121a352c4df32be4ec96}},
  KEYWORD =      {Epitaxy Heterostructures Laser ablation Transmission
                  electron microscopy X-ray diffraction Yttrium
                  manganese oxide Gallium nitride Oxides}
}

@ARTICLE{bhardwaj-2010-compos-depen,
  AUTHOR =       {Bhardwaj, A. and Burbure, N.V. and Gamalski, A. and
                  Rohrer, G.S.},
  TITLE =        {Composition Dependence of the Photochemical
                  reduction of {Ag} by \ce{Ba_{1-x}Sr_{x}TiO_3}},
  JOURNAL =      "Chemistry of Materials",
  VOLUME =       {22},
  PAGES =        {3527-3534},
  YEAR =         2010,
}

@ARTICLE{bhardwaj-2010-enhan-photoc,
  AUTHOR =       {Bhardwaj, A. and Burbure, N.V. and Rohrer, G.S.},
  TITLE =        {Enhanced Photochemical Reactivity at the
                  Ferroelectric Phase Transition in
                  \ce{Ba_{1-x}Sr_{x}TiO_3}},
  JOURNAL =      "Journal of the American Ceramic Society",
  VOLUME =       {93},
  PAGES =        {4129-4134},
  YEAR =         2010,
  DOI =          {10.1111/j.1551-2916.2010.04002.x},
  LINK =         {\url{http://onlinelibrary.wiley.com/doi/10.1111/j.1551-2916.2010.04002.x/abstract
http://onlinelibrary.wiley.com/doi/10.1111/j.1551-2916.2010.04002.x/abstract}},
}

@ARTICLE{burbure-2010-orien-batio3,
  AUTHOR =       {Burbure, N. V. and Salvador, P. A. and Rohrer, G.
                  S.},
  TITLE =        {Orientation and phase relationships between titania
                  films and polycrystalline \ce{BaTiO_3} substrates as
                  determined by electron backscatter diffraction
                  mapping},
  JOURNAL =      "Journal of the American Ceramic Society",
  VOLUME =       {93},
  NUMBER =       {9},
  PAGES =        {2530-2533},
  YEAR =         2010,
  DOI =          {10.1111/j.1551-2916.2010.03878.x},
}

@ARTICLE{burbure-2010-photoc-react,
  AUTHOR =       {Burbure, N. V. and Salvador, P. A. and Rohrer, G.
                  S.},
  TITLE =        {Photochemical Reactivity of Titania Films on
                  \ce{BaTiO_3} Substrates: Influence of Titania Phase
                  and Orientation},
  JOURNAL =      "Chemistry of Materials",
  VOLUME =       {22},
  PAGES =        {5831-5837},
  YEAR =         2010,
  DOI =          {10.1021/cm1018019},
  LINK =         {\url{http://pubs.acs.org/doi/pdfplus/10.1021/cm1018019}},
}

@ARTICLE{burbure-2010-photoc-react-ori,
  AUTHOR =       {Burbure, N. V. and Salvador, P. A. and Rohrer, G.
                  S.},
  TITLE =        {Photochemical Reactivity of Titania Films on
                  \ce{BaTiO_3} Substrates: Origin of Spatial
                  Selectivity},
  JOURNAL =      "Chemistry of Materials",
  VOLUME =       {22},
  PAGES =        {5823-5830},
  YEAR =         2010,
  DOI =          {10.1021/cm1018025},
  LINK =         {\url{http://pubs.acs.org/doi/pdfplus/10.1021/cm1018025}},
}

@ARTICLE{chang-2009-in-x,
  AUTHOR =       {Chang, K.-C. and Ingram, B. and Balasubramaniam, K.
                  R. and Yildiz, B. and Hennessy, D. and Salvador, P.
                  A. and Leyarovska, N. and You, H.},
  TITLE =        {In situ synchrotron X-ray studies of dense thin-film
                  strontium-doped lanthanum manganite solid oxide fuel
                  cell cathodes},
  JOURNAL =      "Mat. Res. Soc. Symp. Proc",
  VOLUME =       {1126},
  PAGES =        {1126-S08-10},
  YEAR =         2009,
}

@ARTICLE{chao-2011-prepar-mesop-la0,
  AUTHOR =       {Chao, R. and Kitchin, J. R. and Gerdes, K. and
                  Salvador, P. A.},
  TITLE =        {Preparation of Mesoporous \ce{La_{0.8}Sr_{0.2}MnO_3}
                  Infiltrated Coatings in Porous Cathodes Using
                  Evaporation-Induced Self-Assembly Methods},
  JOURNAL =      "ECS Transactions",
  VOLUME =       {35},
  NUMBER =       {1},
  PAGES =        {2387-2399},
  YEAR =         2011,
  DOI =          {10.1149/1.3570235},
}

@ARTICLE{chen-2002-elect-la0,
  AUTHOR =       {Chen, X. and Wang, S. and Yang, Y. L. and Smith, L.
                  and Wu, N. J. and Kim, B. I. and Perry, S. S. and
                  Jacobson, A. J. and Ignatiev, A.},
  TITLE =        {Electrical conductivity relaxation studies of an
                  epitaxial \ce{La_{0.5}Sr_{0.5}CoO_{3-$\delta$}} thin
                  film},
  JOURNAL =      "Solid State Ionics",
  VOLUME =       {146},
  NUMBER =       {3-4},
  PAGES =        {405-413},
  YEAR =         2002,
  DOI =          {10.1016/s0167-2738(01)01031-1},
  LINK =         {\url{http://www.sciencedirect.com/science/article/B6TY4-44V1Y9G-2/2/77423880dfa01cc976ef28d732b69c51}},
  KEYWORD =      {Surface exchange Pulsed laser deposition Thin films
                  Mixed conductors}
}

@ARTICLE{choi-2007-oxygen-reduc,
  AUTHOR =       {Choi, YongMan and Mebane, David S. and Lin, M. C.
                  and Liu, Meilin},
  TITLE =        {Oxygen Reduction on \ce{LaMnO_3}-Based Cathode
                  Materials in Solid Oxide Fuel Cells},
  JOURNAL =      "Chemistry of Materials",
  VOLUME =       {19},
  NUMBER =       {7},
  PAGES =        {1690-1699},
  YEAR =         2007,
  DOI =          {10.1021/cm062616e},
  LINK =         {\url{https://doi.org/10.1021/cm062616e}},
}

@MISC{dacapo,
  AUTHOR =       {DACAPO},
  TITLE =        {DACAPO},
  LINK =         {\url{https://wiki.fysik.dtu.dk/dacapo}},
}

@ARTICLE{dau-2010-mechan-water-oxidat,
  AUTHOR =       {Dau, H. and Limberg, C. and Reier, T. and Risch, M.
                  and Roggan, S. and Strasser, P.},
  TITLE =        {The Mechanism of Water Oxidation: From Electrolysis
                  via Homogeneous to Biological Catalysis},
  JOURNAL =      "Chemcatchem",
  VOLUME =       {2},
  NUMBER =       {7},
  PAGES =        {724-761},
  YEAR =         2010,
  DOI =          {10.1002/cctc.201000126},
  KEYWORD =      {oxygen evolution photosynthesis solar fuels
                  transition metals water splitting oxygen-evolving
                  complex x-ray-absorption tetra-manganese complex
                  regenerative fuel-cell o bond formation mononuclear
                  ruthenium complex cyanobacterial photosystem-ii
                  multiline epr signal s-state cycle photosynthetic
                  water}
}

@ARTICLE{de-1999-surfac,
  AUTHOR =       {De Santis, L. and Resta, R.},
  TITLE =        {Surface reconstructions and bonding via the electron
                  localization function: the case of {Si}(001)},
  JOURNAL =      "Solid State Communications",
  VOLUME =       {111},
  NUMBER =       {10},
  PAGES =        {583-588},
  YEAR =         1999,
  LINK =         {\url{http://www.sciencedirect.com/science/article/B6TVW-3X28X3K-C/2/8181f7db21afccdaa5479c1e3a23f9c5}},
  KEYWORD =      {A. Semiconductors A. Surfaces and interfaces D.
                  Electronic states (localized)}
}

@ARTICLE{demazeau-1972-sur,
  AUTHOR =       {Demazeau, G. and Parent, C. and Pouchard, M. and
                  Hagenmuller, P.},
  TITLE =        {Sur deux nouvelles phases oxygenees du cuivre
                  trivalent: \ce{LaCuO_3} et
                  \ce{La_2Li_{0.50}Cu_{0.50}O_4}},
  JOURNAL =      "Materials Research Bulletin",
  VOLUME =       {7},
  NUMBER =       {9},
  PAGES =        {913-920},
  YEAR =         1972,
  DOI =          {10.1016/0025-5408(72)90080-3},
  LINK =         {\url{http://www.sciencedirect.com/science/article/B6TXC-48JM1FD-2H/2/9bf9ebaf6e4fabdcd858f1ad5dbcfd06}},
}

@ARTICLE{demazeau-2007-lacuo3,
  AUTHOR =       {Demazeau, G. and Baranov, A. and Heymann, G. and
                  Huppertz, H. and Sobolev, A. and Presniakov, I.},
  TITLE =        {A novel preparation process for \ce{LaCuO_3}
                  involving a high pressure oxidation of precursor
                  derived from the perovskite structure: An
                  appropriate route for doping with 57{Fe}
                  {M}{\"o}ssbauer probe},
  JOURNAL =      "Solid State Sciences",
  VOLUME =       {9},
  NUMBER =       {5},
  PAGES =        {376-379},
  YEAR =         2007,
  DOI =          {10.1016/j.solidstatesciences.2007.03.007},
  LINK =         {\url{http://www.sciencedirect.com/science/article/B6W6W-4N9887J-3/2/f1532626b8f3e0b48dcd01783a3aa40b}},
  KEYWORD =      {LaCuO3 perovskite 57Fe doping High pressure
                  synthesis Novel preparation route}
}

@ARTICLE{du-2008-growt-ba0,
  AUTHOR =       {Du, Hui and Fisher, Patrick J. and Skowronski, Marek
                  and Salvador, Paul A. and Maksimov, O.},
  TITLE =        {Growth and structural characterization of epitaxial
                  \ce{Ba_{0.6}Sr_{0.4}TiO_3} films deposited on
                  \ce{REScO_3}(110) ({RE=Dy, Gd}) substrates using
                  pulsed laser deposition},
  JOURNAL =      "Journal of Crystal Growth",
  VOLUME =       {310},
  NUMBER =       {7-9},
  PAGES =        {1991-1998},
  YEAR =         2008,
  LINK =         {\url{http://www.sciencedirect.com/science/article/B6TJ6-4R5F0BX-1/2/669c878ac310e4effba37384e7a3c453}},
  KEYWORD =      {A1. Defects A3. Pulsed laser deposition B1. Barium
                  strontium titanate B1. Perovskites B1. REScO3 (RE=Dy
                  Gd) B2. Dielectric materials}
}

@ARTICLE{elshof-1997-oxygen-exchan,
  AUTHOR =       {ten Elshof, J. E. and Lankhorst, M. H. R. and
                  Bouwmeester, H. J. M.},
  TITLE =        {Oxygen Exchange and Diffusion Coefficients of
                  Strontium-Doped Lanthanum Ferrites by Electrical
                  Conductivity Relaxation},
  JOURNAL =      "Journal of the Electrochemical Society",
  VOLUME =       {144},
  NUMBER =       {3},
  PAGES =        {1060-1067},
  YEAR =         1997,
  DOI =          {10.1149/1.1837531},
  LINK =         {\url{http://link.aip.org/link/?JES/144/1060/1}},
  KEYWORD =      {electrical conductivity diffusion strontium alloys
                  lanthanum alloys relaxation electrochemical
                  electrodes}
}

@ARTICLE{fergus-2008-co2-so2,
  AUTHOR =       {Fergus, Jeffrey W.},
  TITLE =        {A review of electrolyte and electrode materials for
                  high temperature electrochemical \ce{CO_2} and
                  \ce{SO_2} gas sensors},
  JOURNAL =      "Sensors and Actuators B: Chemical",
  VOLUME =       {134},
  NUMBER =       {2},
  PAGES =        {1034-1041},
  YEAR =         2008,
  DOI =          {10.1016/j.snb.2008.07.005},
  LINK =         {\url{http://www.sciencedirect.com/science/article/B6THH-4T0MMGD-3/2/0a19295c05fc314678f1f0bc839be922}},
  KEYWORD =      {Solid electrolytes Sensors Carbon dioxide Sulfur
                  dioxide}
}

@ARTICLE{fernandez-2008-scalin,
  AUTHOR =       {Fernandez, E. M. and Moses, P. G. and Toftelund, A.
                  and Hansen, H. A. and Martinez, J. I. and Abild-
                  Pedersen, F. and Kleis, J. and Hinnemann, B. and
                  Rossmeisl, J. and Bligaard, T. and N{\o}rskov, J.
                  K.},
  TITLE =        {Scaling relationships for adsorption energies on
                  transition metal oxide, sulfide, and nitride
                  surfaces},
  JOURNAL =      "Angewandte Chemie-International Edition",
  VOLUME =       {47},
  NUMBER =       {25},
  PAGES =        {4683-4686},
  YEAR =         2008,
  DOI =          {10.1002/anie.200705739},
  KEYWORD =      {adsorption density functional calculations surface
                  chemistry transition metals density-functional
                  theory rutile tio2(110) co oxidation oxygen hydrogen
                  gamma-mo2n(100) activation reactivity energetics
                  catalysis}
}

@ARTICLE{ferrari-2007-cation-nio,
  AUTHOR =       {Ferrari, Anna Maria and Pisani, Cesare and Cinquini,
                  Fabrizio and Giordano, Livia and Pacchioni,
                  Gianfranco},
  TITLE =        {Cationic and anionic vacancies on the {NiO}(100)
                  surface: {DFT + U} and hybrid functional density
                  functional theory calculations},
  JOURNAL =      "The Journal of Chemical Physics",
  VOLUME =       {127},
  NUMBER =       {17},
  PAGES =        {174711-8},
  YEAR =         2007,
  DOI =          {10.1063/1.2796154},
  LINK =         {\url{http://link.aip.org/link/?JCP/127/174711/1}},
  KEYWORD =      {defect states density functional theory nickel
                  compounds orbital calculations vacancies (crystal)}
}

@ARTICLE{fierro-1990-struc,
  AUTHOR =       {Fierro, J. L. G.},
  TITLE =        {Structure and composition of perovskite surface in
                  relation to adsorption and catalytic properties},
  JOURNAL =      "Catalysis Today",
  VOLUME =       {8},
  NUMBER =       {2},
  PAGES =        {153-174},
  YEAR =         1990,
  DOI =          {10.1016/0920-5861(90)87016-v},
  LINK =         {\url{http://www.sciencedirect.com/science/article/B6TFG-43MDYCX-FN/2/668c467c0a1cf104f1e926a1d2d172d3}},
}

@ARTICLE{fister-2008-in-la0,
  AUTHOR =       {Fister, Tim T. and Fong, Dillon D. and Eastman,
                  Jeffrey A. and Baldo, Peter M. and Highland, Matthew
                  J. and Fuoss, Paul H. and Balasubramaniam,
                  Kavaipatti R. and Meador, Joanna C. and Salvador,
                  Paul A.},
  TITLE =        {In situ characterization of strontium surface
                  segregation in epitaxial \ce{La_{0.7}Sr_{0.3}MnO_3}
                  thin films as a function of oxygen partial
                  pressure},
  JOURNAL =      "Applied Physics Letters",
  VOLUME =       {93},
  NUMBER =       {15},
  PAGES =        {151904-3},
  YEAR =         2008,
  DOI =          {10.1063/1.2987731},
  LINK =         {\url{http://link.aip.org/link/?APL/93/151904/1}},
  KEYWORD =      {enthalpy lanthanum compounds magnetic epitaxial
                  layers strontium compounds surface segregation
                  vacancies (crystal) X-ray fluorescence analysis}
}

@ARTICLE{fister-2011-total-reflec,
  AUTHOR =       {Fister, T. T. and Fong, D. D. and Eastman, J. A. and
                  Iddir, H. and Zapol, P. and Fuoss, P. H. and
                  Balasubramanian, M. and Gordon, R. A. and
                  Balasubramaniam, K. R. and Salvador, P. A.},
  TITLE =        {Total-Reflection Inelastic X-Ray Scattering from a
                  10-nm Thick \ce{La_{0.6}Sr_{0.4}CoO_3} Thin Film},
  JOURNAL =      "Physical Review Letters",
  VOLUME =       {106},
  NUMBER =       {3},
  PAGES =        {037401},
  YEAR =         2011,
  DOI =          {10.1103/PhysRevLett.106.037401},
  LINK =         {\url{http://link.aps.org/doi/10.1103/PhysRevLett.106.037401}},
}

@ARTICLE{francis-2004-chiral,
  AUTHOR =       {Francis, Andrew J. and Salvador, Paul A.},
  TITLE =        {Chirally oriented heteroepitaxial thin films grown
                  by pulsed laser deposition: {Pt}(621) on
                  \ce{SrTiO_3}(621)},
  JOURNAL =      "Journal of Applied Physics",
  VOLUME =       {96},
  NUMBER =       {5},
  PAGES =        {2482-2493},
  YEAR =         2004,
  LINK =         {\url{http://link.aip.org/link/?JAP/96/2482/1
https://doi.org/10.1063/1.1768609}},
  KEYWORD =      {platinum pulsed laser deposition chirality metallic
                  epitaxial layers X-ray diffraction surface
                  morphology atomic force microscopy annealing crystal
                  orientation vapour phase epitaxial growth}
}

@ARTICLE{gadre-2011-strain-effec,
  AUTHOR =       {Gadre, Milind and Lee, Yueh-Lin and Swaminathan,
                  Narasimhan and Morgan, Dane},
  TITLE =        {Strain Effects on Defect Chemistry in Epitaxial
                  Perovskite Thin Films for Solid Oxide Fuel Cells},
  JOURNAL =      "ECS Meeting Abstracts",
  VOLUME =       {1101},
  NUMBER =       {12},
  PAGES =        {843},
  YEAR =         2011,
  LINK =         {\url{http://link.aip.org/link/?ECA/1101/843/1}},
}

@ARTICLE{greeley-2006-near,
  AUTHOR =       {Greeley, J. and Mavrikakis, M.},
  TITLE =        {Near-surface alloys for hydrogen fuel cell
                  applications},
  JOURNAL =      "Catalysis Today",
  VOLUME =       {111},
  NUMBER =       {1-2},
  PAGES =        {52-58},
  YEAR =         2006,
}

@ARTICLE{gupta-1994-growt-thin,
  AUTHOR =       {Gupta, A. and Hussey, B. W. and Guloy, A. M. and
                  Shaw, T. M. and Saraf, R. F. and Bringley, J. F. and
                  Scott, B. A.},
  TITLE =        {Growth of Thin Films of the Defect Perovskite
                  \ce{LaCuO_{3-$\delta$}} by Pulsed Laser Deposition},
  JOURNAL =      "Journal of Solid State Chemistry",
  VOLUME =       {108},
  NUMBER =       {1},
  PAGES =        {202-206},
  YEAR =         1994,
  DOI =          {10.1006/jssc.1994.1032},
  LINK =         {\url{http://www.sciencedirect.com/science/article/B6WM2-45P0GW8-5T/2/21e67f9584eb118907cf86f3793be21f}},
}

@ARTICLE{gupta-1994-thin-film,
  AUTHOR =       {Gupta, A. and Mercey, B. and Hervieu, H. and Raveau,
                  B.},
  TITLE =        {Thin-Film Stabilization of Metastable Phases in the
                  \ce{Sm_{1-x}Sr_{x}CuO_{y}} System},
  JOURNAL =      "Chemistry of Materials",
  VOLUME =       {6},
  NUMBER =       {7},
  PAGES =        {1011-1016},
  YEAR =         1994,
  DOI =          {10.1021/cm00043a024},
  LINK =         {\url{https://doi.org/10.1021/cm00043a024}},
}

@ARTICLE{haar-2002-chemic-diffus,
  AUTHOR =       {van der Haar, L. M. and den Otter, M. W. and
                  Morskate, M. and Bouwmeester, H. J. M. and Verweij,
                  H.},
  TITLE =        {Chemical Diffusion and Oxygen Surface Transfer of
                  \ce{La_{1-x}Sr_{x}CoO_{3-$\delta$}} Studied with
                  Electrical Conductivity Relaxation},
  JOURNAL =      "Journal of the Electrochemical Society",
  VOLUME =       {149},
  NUMBER =       {3},
  PAGES =        {J41-J46},
  YEAR =         2002,
  DOI =          {10.1149/1.1446874},
  LINK =         {\url{http://link.aip.org/link/?JES/149/J41/1}},
  KEYWORD =      {lanthanum compounds strontium compounds electrical
                  conductivity vacancies (crystal) self-diffusion
                  surface diffusion mixed conductivity}
}

@ARTICLE{hammer-1995-why-gold,
  AUTHOR =       {Hammer, B. and N{\o}rskov, J. K.},
  TITLE =        {Why Gold Is the Noblest of All the Metals},
  JOURNAL =      "Nature",
  VOLUME =       {376},
  NUMBER =       {6537},
  PAGES =        {238-240},
  YEAR =         1995,
  DOI =          {10.1038/376238a0},
  KEYWORD =      {activated adsorption surfaces dynamics cu(111) d(2)
                  h-2 chemisorption d2}
}

@ARTICLE{hammer-2001-cover-n2,
  AUTHOR =       {Hammer, B.},
  TITLE =        {Coverage dependence of \ce{N_2} dissociation at an
                  {N}, {O}, or {H} precovered {Ru}(0001) surface
                  investigated with density functional theory},
  JOURNAL =      "Physical Review B",
  VOLUME =       {6320},
  NUMBER =       {20},
  PAGES =        {205423},
  YEAR =         2001,
  DOI =          {10.1103/PhysRevB.63.205423},
  KEYWORD =      {adsorbate-adsorbate interactions single-crystal
                  surfaces atomic nitrogen induced reconstruction
                  ruthenium 001 leed-iv adsorption chemisorption
                  oxygen steps}
}

@ARTICLE{hammer-2006-special,
  AUTHOR =       {Hammer, B.},
  TITLE =        {Special sites at noble and late transition metal
                  catalysts},
  JOURNAL =      "Topics in Catalysis",
  VOLUME =       {37},
  NUMBER =       {1},
  PAGES =        {3-16},
  YEAR =         2006,
  DOI =          {10.1007/s11244-006-0004-y},
}

@ARTICLE{han-2009-step,
  AUTHOR =       {Han, Jeong Woo and Kitchin, John R. and Sholl, David
                  S.},
  TITLE =        {Step decoration of chiral metal surfaces},
  JOURNAL =      "The Journal of Chemical Physics",
  VOLUME =       {130},
  NUMBER =       {12},
  PAGES =        {124710-8},
  YEAR =         2009,
  DOI =          {10.1063/1.3096964},
  LINK =         {\url{http://link.aip.org/link/?JCP/130/124710/1}},
  KEYWORD =      {adsorbed layers adsorption chirality copper density
                  functional theory enthalpy entropy impurities
                  iridium palladium rhodium silver surface
                  segregation}
}

@ARTICLE{hansen-2010-elect,
  AUTHOR =       {Hansen, H. A. and Man, I. C. and Studt, F. and
                  Abild-Pedersen, F. and Bligaard, T. and Rossmeisl,
                  J.},
  TITLE =        {Electrochemical chlorine evolution at rutile oxide
                  (110) surfaces},
  JOURNAL =      "Physical Chemistry Chemical Physics",
  VOLUME =       {12},
  NUMBER =       {1},
  PAGES =        {283-290},
  YEAR =         2010,
  DOI =          {10.1039/B917459a},
  KEYWORD =      {implanted titanium electrodes density-functional
                  theory transition-metal oxide oxygen reduction
                  heterogeneous catalysis ion-implantation anodic
                  evolution deacon process hcl oxidation ruo2}
}

@ARTICLE{havelia-2008-growt-la2ti2,
  AUTHOR =       {Havelia, S. and Balasubramaniam, K. R. and Spurgeon,
                  S. and Cormack, F. and Salvador, P. A.},
  TITLE =        {Growth of \ce{La_2Ti_2O_7} and \ce{LaTiO_3} thin
                  films using pulsed laser deposition},
  JOURNAL =      "Journal of Crystal Growth",
  VOLUME =       {310},
  NUMBER =       {7-9},
  PAGES =        {1985-1990},
  YEAR =         2008,
  DOI =          {10.1016/j.jcrysgro.2007.12.006},
  LINK =         {\url{http://www.sciencedirect.com/science/article/B6TJ6-4RBYD68-3/2/b9989435015c323bab6aaa11e238c13b}},
  KEYWORD =      {A1. X-ray diffraction A3. Pulsed laser deposition
                  B1. (110)-Layered perovskite B1. Rare-earth
                  compounds B2. Ferroelectric materials}
}

@ARTICLE{havelia-2009-contr-bi,
  AUTHOR =       {Havelia, S. and Wang, S. and Skowronski, M. and
                  Salvador, P. A.},
  TITLE =        {Controlling the {Bi}-content, phase formation, and
                  epitaxial nature of \ce{BiMnO_3} thin films
                  fabricated using conventional {PLD}, Hybrid {PLD},
                  and solid state epitaxy},
  JOURNAL =      "Journal of Applied Physics",
  VOLUME =       {106},
  PAGES =        {123509:1-11},
  YEAR =         2009,
  DOI =          {10.1063/1.3266142},
}

@ARTICLE{havelia-2009-epitax-re2ti2,
  AUTHOR =       {Havelia, S. and Wang, S. and Balasubramaniam, K.R.
                  and Salvador, P.A.},
  TITLE =        {Epitaxial stabilization of (110)-layered perovskites
                  of the \ce{RE_2Ti_2O_7} ({RE = La, Nd, Sm, Gd})
                  family},
  JOURNAL =      "Journal of Solid State Chemistry",
  VOLUME =       {182},
  PAGES =        {1603-1610},
  YEAR =         2009,
}

@ARTICLE{havelia-2009-thin-re2ti2,
  AUTHOR =       {Havelia, S. and Wang, S. and Balasubramaniam, K.R.
                  and Salvador, P.A.},
  TITLE =        {Thin film synthesis and structural characterization
                  of a new kinetically-preferred polymorph in the
                  \ce{RE_2Ti_2O_7} ({RE = La-Y}) family},
  JOURNAL =      "Crystal Growth and Design",
  VOLUME =       {9},
  NUMBER =       {9},
  PAGES =        {4546-4554},
  YEAR =         2009,
  DOI =          {10.1021/cg900556d},
}

@ARTICLE{henkelman-2006-bader,
  AUTHOR =       {Henkelman, Graeme and Arnaldsson, Andri and
                  J{\'o}nsson, Hannes},
  TITLE =        {A fast and robust algorithm for Bader decomposition
                  of charge density},
  JOURNAL =      "Computational Materials Science",
  VOLUME =       {36},
  NUMBER =       {3},
  PAGES =        {354-360},
  YEAR =         2006,
  DOI =          {10.1016/j.commatsci.2005.04.010},
  LINK =         {\url{http://www.sciencedirect.com/science/article/B6TWM-4GNKRFB-5/2/522ae139285227fab8146e87a1c5a259}},
  KEYWORD =      {Atoms in molecules Bader analysis Electron density
                  analysis Atomic charges Boron clusters Linear
                  scaling algorithm}
}

@ARTICLE{huang-2006-sofc-cathod,
  AUTHOR =       {Huang, Y. and Vohs, J. M. and Gorte, R. J.},
  TITLE =        {{SOFC} Cathodes Prepared by Infiltration with
                  Various {LSM} Precursors},
  JOURNAL =      "Electrochemical and Solid-State Letters",
  VOLUME =       {9},
  NUMBER =       {5},
  PAGES =        {A237-A240},
  YEAR =         2006,
  DOI =          {10.1149/1.2183867},
  LINK =         {\url{http://link.aip.org/link/?ESL/9/A237/1}},
  KEYWORD =      {yttrium compounds lanthanum compounds zirconium
                  compounds strontium solid oxide fuel cells
                  electrochemical electrodes composite materials melt
                  infiltration nanoparticles atomic force microscopy
                  calcination}
}

@ARTICLE{inoglu-2011-ident-sulfur,
  AUTHOR =       {{\.I}no{\u{g}}lu, Nilay and Kitchin, John R.},
  TITLE =        {Identification of Sulfur-Tolerant Bimetallic
                  Surfaces Using {DFT} Parametrized Models and
                  Atomistic Thermodynamics},
  JOURNAL =      "ACS Catalysis",
  VOLUME =       {1},
  NUMBER =       {4},
  PAGES =        {399-407},
  YEAR =         2011,
  DOI =          {10.1021/cs200039t},
  LINK =         {\url{https://doi.org/10.1021/cs200039t}},
}

@ARTICLE{jalili-2011-new-insig,
  AUTHOR =       {Jalili, Helia and Han, Jeong Woo and Kuru, Yener and
                  Cai, Zhuhua and Yildiz, Bilge},
  TITLE =        {New Insights into the Strain Coupling to Surface
                  Chemistry, Electronic Structure, and Reactivity of
                  \ce{La_{0.7}Sr_{0.3}MnO_3}},
  JOURNAL =      "The Journal of Physical Chemistry Letters",
  VOLUME =       {2},
  NUMBER =       {7},
  PAGES =        {801-807},
  YEAR =         2011,
  DOI =          {10.1021/jz200160b},
  LINK =         {\url{https://doi.org/10.1021/jz200160b}},
}

@ARTICLE{katsiev-2009-correl-elect,
  AUTHOR =       {Katsiev, K. and Yildiz, B. and Balasubramaniam, K.
                  and Salvador, P. A.},
  TITLE =        {Correlations of Electronic and Chemical State on
                  \ce{La_{0.7}Sr_{0.3}MnO_3} Dense Thin-Film Cathode
                  Surface},
  JOURNAL =      "Electrochemical Society Transactions",
  VOLUME =       {25},
  PAGES =        {2309-2318},
  YEAR =         2009,
}

@ARTICLE{katsiev-2009-elect-la0,
  AUTHOR =       {Katsiev, Khabiboulakh and Yildiz, Bilge and
                  Balasubramaniam, Kavaipatti and Salvador, Paul A.},
  TITLE =        {Electron tunneling characteristics on
                  \ce{La_{0.7}Sr_{0.3}MnO_3} thin-film surfaces at
                  high temperature},
  JOURNAL =      "Applied Physics Letters",
  VOLUME =       {95},
  NUMBER =       {9},
  PAGES =        {092106-3},
  YEAR =         2009,
  DOI =          {10.1063/1.3204022},
  LINK =         {\url{http://link.aip.org/link/?APL/95/092106/1}},
  KEYWORD =      {Auger electron spectra dielectric polarisation
                  dielectric thin films electrochemical electrodes
                  high-temperature effects lanthanum compounds
                  scanning tunnelling microscopy scanning tunnelling
                  spectroscopy solid oxide fuel cells strontium
                  compounds surface states tunnelling}
}

@ARTICLE{khabibulakh-2009-correl-elect,
  AUTHOR =       {Khabibulakh, Katsiev and Yildiz, Bilge and
                  Kavaipatti, Balasubramaniam and Salvador, Paul},
  TITLE =        {Correlations of Electronic and Chemical State on
                  \ce{La_{0.7}Sr_{0.3}MnO_3} Dense Thin-Film Cathode
                  Surfaces},
  JOURNAL =      "ECS Transactions",
  VOLUME =       {25},
  NUMBER =       {2},
  PAGES =        {2309-2318},
  YEAR =         2009,
  LINK =         {\url{http://link.aip.org/link/abstract/ECSTF8/v25/i2/p2309/s1
https://doi.org/10.1149/1.3205782}},
}

@ARTICLE{kim-2003-epitax-latio3-srtio3,
  AUTHOR =       {Kim, K. H. and Norton, D. P. and Budai, J. D. and
                  Chisholm, M. F. and Sales, B. C. and Christen, D. K.
                  and Cantoni, C.},
  TITLE =        {Epitaxial structure and transport in
                  \ce{LaTiO_{3+x}} films on (001) \ce{SrTiO_3}},
  JOURNAL =      "physica status solidi (a)",
  VOLUME =       {200},
  NUMBER =       {2},
  PAGES =        {346-351},
  YEAR =         2003,
  DOI =          {10.1002/pssa.200306686},
  LINK =         {\url{https://doi.org/10.1002/pssa.200306686}},
  KEYWORD =      {61.10.Nz 68.37.Lp 68.55.Jk 73.61.Le}
}

@ARTICLE{kim-2006-measur-la2nio4,
  AUTHOR =       {Kim, G. and Wang, S. and Jacobson, A. J. and Chen,
                  C. L.},
  TITLE =        {Measurement of oxygen transport kinetics in
                  epitaxial \ce{La_2NiO_{4+$\delta$}} thin films by
                  electrical conductivity relaxation},
  JOURNAL =      "Solid State Ionics",
  VOLUME =       {177},
  NUMBER =       {17-18},
  PAGES =        {1461-1467},
  YEAR =         2006,
  DOI =          {10.1016/j.ssi.2006.07.013},
  LINK =         {\url{http://www.sciencedirect.com/science/article/B6TY4-4KRY8KF-3/2/7cdbeb35f19881ec10ff68459865910e}},
  KEYWORD =      {Electrical conductivity relaxation Thin film
                  Lanthanum nickel oxide La2NiO4+[delta] Oxygen
                  exchange kinetics}
}

@ARTICLE{kim-2007-molec,
  AUTHOR =       {Kim, T. and Burrows, A. and Kiely, C. J. and Wachs,
                  I. E.},
  TITLE =        {Molecular/electronic structure-surface acidity
                  relationships of model-supported tungsten oxide
                  catalysts},
  JOURNAL =      "Journal of Catalysis",
  VOLUME =       {246},
  NUMBER =       {2},
  PAGES =        {370-381},
  YEAR =         2007,
  DOI =          {10.1016/j.jcat.2006.12.018},
}

@ARTICLE{kim-2010-stron-doped,
  AUTHOR =       {Kim, Chang Hwan and Qi, Gongshin and Dahlberg, Kevin
                  and Li, Wei},
  TITLE =        {Strontium-Doped Perovskites Rival Platinum Catalysts
                  for Treating NOx in Simulated Diesel Exhaust},
  JOURNAL =      "Science",
  VOLUME =       {327},
  NUMBER =       {5973},
  PAGES =        {1624-1627},
  YEAR =         2010,
  DOI =          {10.1126/science.1184087},
  LINK =         {\url{http://www.sciencemag.org/content/327/5973/1624.abstract}},
}

@ARTICLE{kitchin-2004-modif-pt,
  AUTHOR =       {Kitchin, J. R. and N{\o}rskov, J. K. and Barteau, M.
                  A. and Chen, J. G.},
  TITLE =        {Modification of the surface electronic and chemical
                  properties of {Pt}(111) by subsurface 3d transition
                  metals},
  JOURNAL =      "The Journal of Chemical Physics",
  VOLUME =       {120},
  NUMBER =       {21},
  PAGES =        {10240-10246},
  YEAR =         2004,
  DOI =          {10.1063/1.1737365},
  LINK =         {\url{http://link.aip.org/link/?JCP/120/10240/1}},
  KEYWORD =      {adsorption catalysts density functional theory
                  dissociation fuel cells hydrogen oxygen platinum
                  surface chemistry surface states transition metals}
}

@ARTICLE{kitchin-2004-role,
  AUTHOR =       {Kitchin, J. R. and N{\o}rskov, J. K. and Barteau, M.
                  A. and Chen, J. G.},
  TITLE =        {Role of strain and ligand effects in the
                  modification of the electronic and chemical
                  properties of bimetallic surfaces},
  JOURNAL =      "Physical Review Letters",
  VOLUME =       {93},
  NUMBER =       {15},
  PAGES =        {156801},
  YEAR =         2004,
  DOI =          {10.1103/PhysRevLett.93.156801},
}

@INBOOK{kitchin-2008-royal-societ,
  AUTHOR =       {Kitchin, J. R. and Miller, S. D. and Sholl, D. S.},
  TITLE =        {Royal Society of Chemistry Specialist Periodical
                  Report on Theoretical Chemistry},
  YEAR =         2008,
  CHAPTER =      {Density functional theory studies of alloys in
                  heterogeneous catalysis}
  PUBLISHER =    {Royal Society of Chemistry}
}

@ARTICLE{kitchin-2009-correl-pd,
  AUTHOR =       {Kitchin, J. R.},
  TITLE =        {Correlations in coverage-dependent atomic adsorption
                  energies on {Pd}(111)},
  JOURNAL =      "Physical Review B",
  VOLUME =       {79},
  PAGES =        {205412},
  YEAR =         2009,
  DOI =          {10.1103/PhysRevB.79.205412},
  LINK =         {\url{http://prb.aps.org/abstract/PRB/v79/i20/e205412}},
}

@ARTICLE{landon-2010-elect-concen,
  AUTHOR =       {Landon, James and Kitchin, John R.},
  TITLE =        {Electrochemical Concentration of Carbon Dioxide from
                  an Oxygen/Carbon Dioxide Containing Gas Stream},
  JOURNAL =      "Journal of the Electrochemical Society",
  VOLUME =       {157},
  NUMBER =       {8},
  PAGES =        {B1149-B1153},
  YEAR =         2010,
  DOI =          {10.1149/1.3432440},
  LINK =         {\url{http://link.aip.org/link/?JES/157/B1149/1}},
  KEYWORD =      {carbon compounds electrochemistry ion exchange
                  membranes oxygen separation}
}

@ARTICLE{li-2007-growt-latio3,
  AUTHOR =       {Li, J. and Wang, F. B. and Wang, P. and Zhang, M. J.
                  and Tian, H. Y. and Zheng, D. N.},
  TITLE =        {Growth and small-polaron conduction of hole-doped
                  \ce{LaTiO_{3+d/2}} and \ce{NdTiO_{3+ d/2}} thin
                  films},
  JOURNAL =      "Physical Review B",
  VOLUME =       {75},
  NUMBER =       {19},
  PAGES =        {195109},
  YEAR =         2007,
  DOI =          {10.1103/PhysRevB.75.195109},
  LINK =         {\url{http://link.aps.org/doi/10.1103/PhysRevB.75.195109}},
}

@ARTICLE{ling-2003-elect-yba2c,
  AUTHOR =       {Ling, Chen and Chen, C. L. and Jacobson, A. J.},
  TITLE =        {Electrical conductivity relaxation studies of oxygen
                  transport in epitaxial \ce{YBa_2Cu_3O_{7-$\delta$}}
                  thin films},
  JOURNAL =      "Applied Superconductivity, IEEE Transactions on",
  VOLUME =       {13},
  NUMBER =       {2},
  PAGES =        {2882-2885},
  YEAR =         2003,
  KEYWORD =      {barium compounds electrical conductivity grain
                  boundary diffusion high-temperature superconductors
                  stoichiometry superconducting epitaxial layers
                  surface diffusion yttrium compounds 0.01 to 0.02 atm
                  1.0 eV 773 to 873 K activation energy bulk
                  stoichiometry electrical conductivity relaxation
                  grain boundaries oxygen surface exchange
                  coefficients oxygen transport
                  YBa<sub>2</sub>Cu<sub>3</sub>O<sub>7</sub> epitaxial
                  YBa<sub>2</sub>Cu<sub>3</sub>O<sub>7-\&delta </sub>
                  thin films}
}

@ARTICLE{lombardo-1998-perov-oxides-catal,
  AUTHOR =       {Lombardo, E. and Ulla, M.},
  TITLE =        {Perovskite Oxides in Catalysis: Past, Present and
                  Future},
  JOURNAL =      "Research on Chemical Intermediates",
  VOLUME =       {24},
  PAGES =        {581-592},
  YEAR =         1998,
  DOI =          {10.1163/156856798x00104},
  LINK =         {\url{http://www.ingentaconnect.com/content/vsp/rci/1998/00000024/00000005/art00010
https://doi.org/10.1163/156856798X00104}},
}

@BOOK{maier-2004-physic,
  AUTHOR =       {Maier, Joachim},
  TITLE =        {Physical chemistry of ionic materials : ions and
                  electrons in solids},
  PAGES =        {537 p.},
  YEAR =         2004,
  PUBLISHER =    {Wiley}
  KEYWORD =      {Solids Electric properties.  Solid state chemistry.
                  Solids Defects.}
  ADDRESS =      {Chichester ; Hoboken, NJ}
}

@ARTICLE{man-2011-univer-oxygen,
  AUTHOR =       {Man, Isabela C. and Su, Hai-Yan and Calle-Vallejo,
                  Federico and Hansen, Heine A. and Mart{\'i}nez,
                  Jos{\'e} I. and Inoglu, Nilay G. and Kitchin, John
                  R. and Jaramillo, Thomas F. and N{\o}rskov, Jens K.
                  and Rossmeisl, Jan},
  TITLE =        {Universality in Oxygen Evolution Electro-Catalysis
                  on Oxide Surfaces},
  JOURNAL =      "Chemcatchem",
  VOLUME =       {in press},
  YEAR =         2011,
}

@ARTICLE{mavrikakis-1998-effec,
  AUTHOR =       {Mavrikakis, M. and Hammer, B. and N{\o}rskov, J.
                  K.},
  TITLE =        {Effect of strain on the reactivity of metal
                  surfaces},
  JOURNAL =      "Physical Review Letters",
  VOLUME =       {81},
  NUMBER =       {13},
  PAGES =        {2819-2822},
  YEAR =         1998,
  DOI =          {10.1103/PhysRevLett.81.2819},
  KEYWORD =      {ni(111) surfaces co adsorption chemisorption
                  dissociation adlayers exchange}
}

@ARTICLE{miller-2009-relat-au,
  AUTHOR =       {Miller, Spencer D. and Kitchin, John R.},
  TITLE =        {Relating the coverage dependence of oxygen
                  adsorption on {Au} and {Pt} fcc(111) surfaces
                  through adsorbate-induced surface electronic
                  structure effects},
  JOURNAL =      "Surface Science",
  VOLUME =       {603},
  NUMBER =       {5},
  PAGES =        {794-801},
  YEAR =         2009,
  DOI =          {10.1016/j.susc.2009.01.021},
  LINK =         {\url{http://www.sciencedirect.com/science/article/B6TVX-4VFK7S8-3/2/1e4e1c50d1b0fe025607a8eb345f085e}},
  KEYWORD =      {Density functional calculations Adsorption Atom-
                  solid interactions Chemisorptions Oxygen Platinum
                  Gold}
}

@ARTICLE{miller-2009-uncer-dft,
  AUTHOR =       {Miller, S. D. and Kitchin, J. R.},
  TITLE =        {Uncertainty and figure selection for {DFT} based
                  cluster expansions for oxygen adsorption on Au and
                  {Pt} (111) surfaces},
  JOURNAL =      "Molecular Simulation",
  VOLUME =       {35},
  NUMBER =       {10-11},
  PAGES =        {920-927},
  YEAR =         2009,
  DOI =          {10.1080/08927020902833137},
  LINK =         {\url{http://pdfserve.informaworld.com/564934_731198607_910669991.pdf}},
  KEYWORD =      {density functional calculations adsorption cluster
                  expansions oxygen platinum gold density-functional
                  theory total-energy calculations wave basis-set
                  comprehensive analysis 1st principles phase ru(0001)
                  co thermodynamics overlayers}
}

@ARTICLE{miller-2011-config,
  AUTHOR =       {Miller, Spencer D. and Inoglu, Nilay and Kitchin,
                  John R.},
  TITLE =        {Configurational correlations in the coverage
                  dependent adsorption energies of oxygen atoms on
                  late transition metal fcc(111) surfaces},
  JOURNAL =      "The Journal of Chemical Physics",
  VOLUME =       {134},
  NUMBER =       {10},
  PAGES =        {104709-7},
  YEAR =         2011,
  DOI =          {10.1063/1.3561287},
  LINK =         {\url{http://link.aip.org/link/?JCP/134/104709/1}},
  KEYWORD =      {adsorption copper density functional theory
                  electronic density of states gold iridium orbital
                  calculations oxygen palladium platinum rhodium
                  silver valence bands}
}

@ARTICLE{novochinskii-2004-low-h2s,
  AUTHOR =       {Novochinskii, I. I. and Song, C. S. and Ma, X. L.
                  and Liu, X. S. and Shore, L. and Lampert, J. and
                  Farrauto, R. J.},
  TITLE =        {Low-temperature \ce{H_2S} removal from steam-
                  containing gas mixtures with {ZnO} for fuel cell
                  application. 1. {ZnO} particles and extrudates},
  JOURNAL =      "Energy \& Fuels",
  VOLUME =       {18},
  NUMBER =       {2},
  PAGES =        {576-583},
  YEAR =         2004,
  DOI =          {10.1021/Ef0301371},
  KEYWORD =      {area zinc-oxide hydrogen-sulfide desulfurization
                  kinetics surface reactor field}
}

@ARTICLE{o-2010-catal-activ,
  AUTHOR =       {la O, Gerardo Jose and Ahn, Sung-Jin and Crumlin,
                  Ethan and Orikasa, Yuki and Biegalski, Michael D and
                  Christen, Hans M and Shao-Horn, Yang},
  TITLE =        {Catalytic Activity Enhancement for Oxygen Reduction
                  on Epitaxial Perovskite Thin Films for Solid-Oxide
                  Fuel Cells},
  JOURNAL =      "Angewandte Chemie",
  VOLUME =       {122},
  NUMBER =       {31},
  PAGES =        {5472-5475},
  YEAR =         2010,
  DOI =          {10.1002/ange.201001922},
  LINK =         {\url{https://doi.org/10.1002/ange.201001922}},
  KEYWORD =      {Brennstoffzellen Elektrochemie Epitaxie Heterogene
                  Katalyse Perowskite}
}

@ARTICLE{p05760,
  AUTHOR =       {Balasubramaniam, K R},
  TITLE =        {Thin Film Growth and Phase Competition of Layered
                  Ferroelectrics and Related Perovskite Phases},
  JOURNAL =      "PhD Thesis, Carnegie Mellon University",
  PAGES =        {254},
  YEAR =         2006,
}

@ARTICLE{pacchioni-2008-model,
  AUTHOR =       {Pacchioni, Gianfranco},
  TITLE =        {Modeling doped and defective oxides in catalysis
                  with density functional theory methods: Room for
                  improvements},
  JOURNAL =      "The Journal of Chemical Physics",
  VOLUME =       {128},
  NUMBER =       {18},
  PAGES =        {182505-10},
  YEAR =         2008,
  DOI =          {10.1063/1.2819245},
  LINK =         {\url{http://link.aip.org/link/?JCP/128/182505/1}},
  KEYWORD =      {binding energy bonds (chemical) catalysis density
                  functional theory electronic structure enthalpy heat
                  of reaction localised states oxidation rare earth
                  compounds transition metal compounds vacancies
                  (crystal)}
}

@ARTICLE{pennline-2010-separ-co2,
  AUTHOR =       {Pennline, Henry W. and Granite, Evan J. and Luebke,
                  David R. and Kitchin, John R. and Landon, James and
                  Weiland, Lisa M.},
  TITLE =        {Separation of \ce{CO_2} from flue gas using
                  electrochemical cells},
  JOURNAL =      "Fuel",
  VOLUME =       {89},
  PAGES =        {1307-1314},
  YEAR =         2010,
  DOI =          {10.1016/j.fuel.2009.11.036},
  LINK =         {\url{http://www.sciencedirect.com/science/article/B6V3B-4XWK990-6/2/598df3afd0541504819378162b2a8b22}},
  KEYWORD =      {Carbon dioxide sequestration Carbon capture and
                  separation Electrochemical separation}
}

@ARTICLE{presniakov-2009-elect-mossb,
  AUTHOR =       {Presniakov, Igor and Demazeau, G{\'e}rard and
                  Baranov, Alexei and Sobolev, Alexei and Gubaidulina,
                  Tatiyana and Rusakov, Viyacheslav and Vasiliev,
                  Alexander},
  TITLE =        {Electronic state of 57{Fe} M{\"o}ssbauer probe atoms
                  in {Cu}(III) oxides with perovskite and perovskite-
                  related structures},
  JOURNAL =      "Materials Chemistry and Physics",
  VOLUME =       {113},
  NUMBER =       {1},
  PAGES =        {462-467},
  YEAR =         2009,
  DOI =          {10.1016/j.matchemphys.2008.07.116},
  LINK =         {\url{http://www.sciencedirect.com/science/article/B6TX4-4TDYNNY-3/2/d67d2f95b8acd01041fefcf411ec8382}},
  KEYWORD =      {Oxides Cu3+ oxides High pressure synthesis
                  Perovskite structure K2NiF4 structure M{\"o}ssbauer
                  spectroscopy Charge transfer phenomena}
}

@ARTICLE{reuter-2002-compos-ruo2,
  AUTHOR =       {Reuter, K. and Scheffler, M.},
  TITLE =        {Composition, structure, and stability of
                  \ce{RuO_2}(110) as a function of oxygen pressure},
  JOURNAL =      "Physical Review B",
  VOLUME =       {65},
  NUMBER =       {3},
  PAGES =        {035406},
  YEAR =         2002,
  DOI =          {10.1103/PhysRevB.65.035406},
}

@ARTICLE{reuter-2003-compos-ruo2,
  AUTHOR =       {Reuter, Karsten and Scheffler, Matthias},
  TITLE =        {Composition and structure of the \ce{RuO_2}(110)
                  surface in an \ce{O_2} and \ce{CO} environment:
                  Implications for the catalytic formation of
                  \ce{CO_2}},
  JOURNAL =      "Physical Review B",
  VOLUME =       {68},
  NUMBER =       {4},
  PAGES =        {045407-045407},
  YEAR =         2003,
  DOI =          {10.1103/PhysRevB.68.045407},
  LINK =         {\url{http://link.aps.org/abstract/PRB/v68/e045407}},
}

@ARTICLE{rivera-2001-elect,
  AUTHOR =       {Rivera, A. and Santamaria, J. and Leon, C.},
  TITLE =        {Electrical conductivity relaxation in thin-film
                  yttria-stabilized zirconia},
  JOURNAL =      "Applied Physics Letters",
  VOLUME =       {78},
  NUMBER =       {5},
  PAGES =        {610-612},
  YEAR =         2001,
  DOI =          {10.1063/1.1343852},
  LINK =         {\url{http://link.aip.org/link/?APL/78/610/1}},
  KEYWORD =      {yttrium compounds zirconium compounds electric
                  admittance sputtered coatings vacancies (crystal)
                  ionic conductivity}
}

@ARTICLE{savin-2005-elf,
  AUTHOR =       {Savin, Andreas},
  TITLE =        {The electron localization function ({ELF}) and its
                  relatives: interpretations and difficulties},
  JOURNAL =      "Journal of Molecular Structure: THEOCHEM",
  VOLUME =       {727},
  NUMBER =       {1-3},
  PAGES =        {127-131},
  YEAR =         2005,
  DOI =          {10.1016/j.theochem.2005.02.034},
  LINK =         {\url{http://www.sciencedirect.com/science/article/B6TGT-4GGXX6J-6/2/f605c6fb1bf1e68e1bb019cafcf33624}},
  KEYWORD =      {Electron localization function Electrons Localized
                  orbital locator}
}

@ARTICLE{schnur-2010-strain,
  AUTHOR =       {Schnur, Sebastian and Gro\ss, Axel},
  TITLE =        {Strain and coordination effects in the adsorption
                  properties of early transition metals: A density-
                  functional theory study},
  JOURNAL =      "Physical Review B",
  VOLUME =       {81},
  NUMBER =       {3},
  PAGES =        {033402},
  YEAR =         2010,
  DOI =          {10.1103/PhysRevB.81.033402},
  LINK =         {\url{http://link.aps.org/doi/10.1103/PhysRevB.81.033402}},
}

@INBOOK{salvador-2006-nanom,
  AUTHOR =       {Salvador, P.A. and Hagerman, M. E.},
  TITLE =        {Nanomaterials, nanoscience, and nanotechnology},
  PAGES =        {643-679},
  YEAR =         2006,
  CHAPTER =      {24}
  PUBLISHER =    {W. H. Freeman and Company}
  BOOKTITLE =    {Inorganic Chemistry}
  EDITOR =       {P. Atkins, T. Overton, J. Rourke, M. Weller, F.
                  Armstrong, P. Salvador, M. Hagerman, T. Spiro, E.
                  Steifel}
  ADDRESS =      {New York}
}

@ARTICLE{shu-2008-inter-exter,
  AUTHOR =       {Shu, Da-Jun and Ge, Shu-Ting and Wang, Mu and Ming,
                  Nai-Ben},
  TITLE =        {Interplay between External Strain and Oxygen
                  Vacancies on a Rutile \ce{TiO_{2}}(110) Surface},
  JOURNAL =      "Physical Review Letters",
  VOLUME =       {101},
  NUMBER =       {11},
  PAGES =        {116102},
  YEAR =         2008,
  LINK =         {\url{http://link.aps.org/doi/10.1103/PhysRevLett.101.116102}},
}

@ARTICLE{solunke-2010-hydrog-produc,
  AUTHOR =       {Solunke, R. D. and Veser, G.},
  TITLE =        {Hydrogen Production via Chemical Looping Steam
                  Reforming in a Periodically Operated Fixed-Bed
                  Reactor},
  JOURNAL =      "Industrial \& Engineering Chemistry Research",
  VOLUME =       {49},
  NUMBER =       {21},
  PAGES =        {11037-11044},
  YEAR =         2010,
  DOI =          {10.1021/Ie100432j},
  KEYWORD =      {reverse-flow reactor catalytic combustion oxygen
                  carriers redox oxide supports methane}
}

@ARTICLE{tanaka-2001-advan,
  AUTHOR =       {Tanaka, Hirohisa and Misono, Makoto},
  TITLE =        {Advances in designing perovskite catalysts},
  JOURNAL =      "Current Opinion in Solid State and Materials
                  Science",
  VOLUME =       {5},
  NUMBER =       {5},
  PAGES =        {381-387},
  YEAR =         2001,
  DOI =          {10.1016/s1359-0286(01)00035-3},
  LINK =         {\url{http://www.sciencedirect.com/science/article/B6VS5-44BMG5Y-4/2/842009c2cf7b1a19ede5b34f8a116f03}},
  KEYWORD =      {Perovskite catalysts Rare earths Transition metals
                  Precious metals Regeneration}
}

@ARTICLE{tierney-2009-hydrog-dissoc,
  AUTHOR =       {Tierney, H. L. and Baber, A. E. and Kitchin, J. R.
                  and Sykes, E. C. H.},
  TITLE =        {Hydrogen Dissociation and Spillover on Individual
                  Isolated Palladium Atoms},
  JOURNAL =      "Physical Review Letters",
  VOLUME =       {103},
  NUMBER =       {24},
  PAGES =        {246102},
  YEAR =         2009,
  DOI =          {10.1103/Physrevlett.103.246102},
  KEYWORD =      {methanol synthesis surface alloy pd adsorption
                  catalysts gold overlayers reactivity substrate
                  trends}
}

@ARTICLE{trasatti-1984-elect,
  AUTHOR =       {Trasatti, S.},
  TITLE =        {Electrocatalysis in the anodic evolution of oxygen
                  and chlorine},
  JOURNAL =      "Electrochimica Acta",
  VOLUME =       {29},
  NUMBER =       {11},
  PAGES =        {1503-1512},
  YEAR =         1984,
  DOI =          {10.1016/0013-4686(84)85004-5},
  LINK =         {\url{http://www.sciencedirect.com/science/article/B6TG0-44CYN76-7J/2/384ddf940aa9d47b219710855cfe0896}},
}

@ARTICLE{tsirelson-2002-deter,
  AUTHOR =       {Tsirelson, Vladimir and Stash, Adam},
  TITLE =        {Determination of the electron localization function
                  from electron density},
  JOURNAL =      "Chemical Physics Letters",
  VOLUME =       {351},
  NUMBER =       {1-2},
  PAGES =        {142-148},
  YEAR =         2002,
  DOI =          {10.1016/S0009-2614(01)01361-6},
  LINK =         {\url{http://www.sciencedirect.com/science/article/B6TFN-44KWRS9-3/2/823c2f154aec753cea30248535c00c59}},
}

@ARTICLE{vilquin-2005-effec-sr,
  AUTHOR =       {Vilquin, B. and Kanki, T. and Yanagida, T. and
                  Tanaka, H. and Kawai, T.},
  TITLE =        {Effect of {Sr} doping on \ce{LaTiO_3} thin films},
  JOURNAL =      "Applied Surface Science",
  VOLUME =       {244},
  NUMBER =       {1-4},
  PAGES =        {494-497},
  YEAR =         2005,
  DOI =          {10.1016/j.apsusc.2004.10.107},
  LINK =         {\url{http://www.sciencedirect.com/science/article/B6THY-4F7S149-B/2/4c2edbfbbc9b9ae3cce50765f5bbec24}},
  KEYWORD =      {Mott insulator Thin films Electrical properties}
}

@ARTICLE{vohs-2009-high-perfor,
  AUTHOR =       {Vohs, J. M. and Gorte, R. J.},
  TITLE =        {High-Performance {SOFC} Cathodes Prepared by
                  Infiltration},
  JOURNAL =      "Advanced Materials",
  VOLUME =       {21},
  NUMBER =       {9},
  PAGES =        {943-956},
  YEAR =         2009,
  DOI =          {10.1002/adma.200802428},
  KEYWORD =      {oxide fuel-cells yttria-stabilized zirconia anode-
                  supported sofcs sr-doped lamno3 intermediate-
                  temperature sofcs thin-film sofcs direct oxidation
                  composite cathodes ionic-conductivity reference
                  electrode}
}

@ARTICLE{wachs-2006-catal,
  AUTHOR =       {Wachs, I. E. and Kim, T. and Ross, E. I.},
  TITLE =        {Catalysis science of the solid acidity of model
                  supported tungsten oxide catalysts},
  JOURNAL =      "Catalysis Today",
  VOLUME =       {116},
  NUMBER =       {2},
  PAGES =        {162-168},
  YEAR =         2006,
  DOI =          {10.1016/j.cattod.2006.02.085},
}

@ARTICLE{wang-2010-steam-nm3,
  AUTHOR =       {Wang, Z. W. and Mori, M. and Araki, T.},
  TITLE =        {Steam electrolysis performance of intermediate-
                  temperature solid oxide electrolysis cell and
                  efficiency of hydrogen production system at 300
                  Nm3/h},
  JOURNAL =      "International Journal of Hydrogen Energy",
  VOLUME =       {35},
  NUMBER =       {10},
  PAGES =        {4451-4458},
  YEAR =         2010,
  DOI =          {10.1016/j.ijhydene.2010.02.058},
  KEYWORD =      {electrolysis soec hydrogen production efficiency
                  energy sofc}
}

@ARTICLE{weigl-1993-rhomb-lacuo3,
  AUTHOR =       {Weigl, Claudia and Range, Klaus-J{\"u}rgen},
  TITLE =        {Rhombohedral \ce{LaCuO_3}: high-pressure synthesis
                  of single crystals and structure refinement},
  JOURNAL =      "Journal of Alloys and Compounds",
  VOLUME =       {200},
  NUMBER =       {1-2},
  PAGES =        {L1-L2},
  YEAR =         1993,
  DOI =          {10.1016/0925-8388(93)90460-5},
  LINK =         {\url{http://www.sciencedirect.com/science/article/B6TWY-48D109Y-N3/2/d80c6d800925e6426a53924fbe0841e1}},
}

@ARTICLE{wong-2010-metal-latio3,
  AUTHOR =       {Wong, Franklin J. and Baek, Seung-Hyub and
                  Chopdekar, Rajesh V. and Mehta, Virat V. and Jang,
                  Ho-Won and Eom, Chang-Beom and Suzuki, Yuri},
  TITLE =        {Metallicity in \ce{LaTiO_3} thin films induced by
                  lattice deformation},
  JOURNAL =      "Physical Review B",
  VOLUME =       {81},
  NUMBER =       {16},
  PAGES =        {161101},
  YEAR =         2010,
  DOI =          {10.1103/PhysRevB.81.161101},
  LINK =         {\url{http://link.aps.org/doi/10.1103/PhysRevB.81.161101}},
}

@ARTICLE{wu-1992-model-surfac,
  AUTHOR =       {Wu, M. C. and Estrada, C. A. and Corneille, J. S.
                  and Goodman, D. W.},
  TITLE =        {Model Surface Studies of Metal-Oxides - Adsorption
                  of Water and Methanol on Ultrathin {MgO} Films on
                  {Mo}(100)},
  JOURNAL =      "Journal of Chemical Physics",
  VOLUME =       {96},
  NUMBER =       {5},
  PAGES =        {3892-3900},
  YEAR =         1992,
  DOI =          {10.1063/1.461893},
  LINK =         {\url{http://scitation.aip.org/getpdf/servlet/GetPDFServlet?filetype=pdf&id=JCPSA6000096000005003892000001&idtype=cvips&prog=normal}},
  KEYWORD =      {energy-loss spectroscopy electron-spectroscopy
                  magnesium-oxide cu films oxidation tio2(110)
                  hydrogen mgo(100) phonons h2o}
}

@ARTICLE{yan-2010-effec-la0,
  AUTHOR =       {Yan, L. and Kavaipatti, B. and Wang, S. and Du, H.
                  and Salvador, P.},
  TITLE =        {Effects of crystallographic orientation on the
                  oxygen exchange rate of \ce{La_{0.7}Sr_{0.3}MnO_3}
                  thin films},
  JOURNAL =      "Solid State Ionics",
  PAGES =        {in submission},
  YEAR =         2010,
}

@ARTICLE{yan-2010-elect-conduc,
  AUTHOR =       {Yan, L. and Kavaipatti, B. and Wang, S. and Du, H.
                  and Salvador, P.},
  TITLE =        {Electrical Conductivity Relaxation Study of Solid
                  Oxide Fuel Cell Cathodes using Epitaxial
                  (001)-Oriented Strontium-Doped Lanthanum Manganite
                  Thin Films},
  JOURNAL =      "Mat. Res. Soc. Symp. Proc.",
  VOLUME =       {1255},
  NUMBER =       {1255-M02-02},
  YEAR =         2010,
}

@ARTICLE{yan-2011-effec-la0,
  AUTHOR =       {Yan, L. and Balasubramaniam, K. R. and Wang, S. and
                  Du, H. and Salvador, P. A.},
  TITLE =        {Effects of crystallographic orientation on the
                  oxygen exchange rate of \ce{La_{0.7}Sr_{0.3}MnO_3}
                  thin films},
  JOURNAL =      "Solid State Ionics",
  VOLUME =       {in press},
  YEAR =         2011,
}

@ARTICLE{yan-2011-micros-la0,
  AUTHOR =       {Yan, L. and Balasubramaniam, K. R. and Chang, K.-C.
                  and You, H. and Salvador, P. A.},
  TITLE =        {Microstructural effects on the oxygen exchange
                  kinetics of \ce{La_{0.7}Sr_{0.3}MnO_3} thin films},
  JOURNAL =      "Electrochemical Society Transactions",
  VOLUME =       {in press},
  YEAR =         2011,
}

@ARTICLE{zhang-2005-contr,
  AUTHOR =       {Zhang, J. L. and Vukmirovic, M. B. and Xu, Y. and
                  Mavrikakis, M. and Adzic, R. R.},
  TITLE =        {Controlling the catalytic activity of platinum-
                  monolayer electrocatalysts for oxygen reduction with
                  different substrates},
  JOURNAL =      "Angewandte Chemie-International Edition",
  VOLUME =       {44},
  NUMBER =       {14},
  PAGES =        {2132-2135},
  YEAR =         2005,
  DOI =          {10.1002/anie.200462335},
  KEYWORD =      {density functional calculations electrochemistry
                  heterogeneous catalysis oxygen reduction surface
                  chemistry density-functional theory bimetallic
                  surfaces chemical-properties metal-surfaces o-2
                  reduction fuel-cells adsorption oxidation co
                  nanoparticles}
}

@ARTICLE{zhang-2005-mixed-pt,
  AUTHOR =       {Zhang, J. L. and Vukmirovic, M. B. and Sasaki, K.
                  and Nilekar, A. U. and Mavrikakis, M. and Adzic, R.
                  R.},
  TITLE =        {Mixed-metal {Pt} monolayer electrocatalysts for
                  enhanced oxygen reduction kinetics},
  JOURNAL =      "Journal of the American Chemical Society",
  VOLUME =       {127},
  NUMBER =       {36},
  PAGES =        {12480-12481},
  YEAR =         2005,
  DOI =          {10.1021/ja053695i},
}

@ARTICLE{zhang-2011-spatial-selec,
  AUTHOR =       {Zhang, Y. and Schultz, A. M. and Salvador, P. A. and
                  Rohrer, G. S.},
  TITLE =        {Spatially Selective Visible-light Photocatalytic
                  Activity of \ce{TiO_2}/ \ce{BiFeO_3}
                  Heterostructures},
  JOURNAL =      "Journal of Materials Chemistry",
  VOLUME =       {in press},
  YEAR =         2011,
}

@ARTICLE{inoglu-2009-atomis-cu,
  AUTHOR =       {{\.I}no{\u{g}}lu, Nilay and Kitchin, John R.},
  TITLE =        {Atomistic thermodynamics study of the adsorption and
                  the effects of water-gas shift reactants on {Cu}
                  catalysts under reaction conditions},
  JOURNAL =      "Journal of Catalysis",
  VOLUME =       {261},
  NUMBER =       {2},
  PAGES =        {188-194},
  YEAR =         2009,
  DOI =          {10.1016/j.jcat.2008.11.020},
  LINK =         {\url{http://www.sciencedirect.com/science/article/B6WHJ-4V64YSD-1/2/11555129d9a54ce937df4226ca4497a2}},
  KEYWORD =      {Water-gas shift Density functional theory
                  calculations Sulfur Oxygen Carbon monoxide Copper
                  Thermodynamic analysis}
}

@ARTICLE{inoglu-2009-sulph,
  AUTHOR =       {{\.I}no{\u{g}}lu, Nilay and Kitchin, John R.},
  TITLE =        {Sulphur poisoning of water-gas shift catalysts: site
                  blocking and electronic structure modification},
  JOURNAL =      "Molecular Simulation",
  VOLUME =       {35},
  NUMBER =       {10},
  PAGES =        {936-936},
  YEAR =         2009,
  DOI =          {10.1080/08927020902833129},
  LINK =         {\url{http://www.informaworld.com/10.1080/08927020902833129}},
}

@ARTICLE{inoglu-2010-new-solid,
  AUTHOR =       {{\.I}no{\u{g}}lu, Nilay and Kitchin, John R.},
  TITLE =        {New Solid State Table: Estimating d-band
                  Characteristics for Transition Metal Atoms},
  JOURNAL =      "Molecular Simulation",
  VOLUME =       {36},
  NUMBER =       {7},
  PAGES =        {633-638},
  YEAR =         2010,
  DOI =          {10.1080/08927022.2010.481794},
  LINK =         {\url{http://www.informaworld.com/smpp/content~content=a925123934~db=all~jumptype=rss}},
}

@ARTICLE{inoglu-2010-simpl,
  AUTHOR =       {{\.I}no{\u{g}}lu, N. and Kitchin, J. R.},
  TITLE =        {Simple model explaining and predicting coverage-
                  dependent atomic adsorption energies on transition
                  metal surfaces},
  JOURNAL =      "Physical Review B",
  VOLUME =       {82},
  NUMBER =       {4},
  PAGES =        {045414},
  YEAR =         2010,
  DOI =          {10.1103/Physrevb.82.045414},
  KEYWORD =      {reactivity pseudopotentials catalysis alloys}
}
